3484 5609
1610 586 1701 656 49

513 840 524 857 ,
585 786 683 854 Cf.
730 794 967 854 autem
1013 785 1188 854 Ran.
1238 806 1335 854 vs.
1385 785 1510 853 761
1569 806 1806 875 seqq.:

1003 984 1164 1067 νόμος
1207 1005 1288 1054 τις
1329 976 1519 1045 ἐνθάδ’
1567 986 1685 1046 ἐστι
1730 988 1977 1068 κείμενος

1003 1121 1117 1179 ἀπὸ
1159 1125 1270 1179 τῶν
1315 1126 1531 1202 τεχνῶν
1577 1117 1709 1178 ὅσαι
1755 1113 2005 1205 μεγάλαι
2050 1124 2147 1177 καί
2185 1110 2399 1197 δεξιαί,

1005 1255 1098 1314 τὸν
1143 1251 1375 1339 ἄριστον
1419 1251 1557 1313 ’ὄντα
1602 1258 1713 1313 τῶν
1760 1251 1965 1312 ἑαυτοῦ
2010 1272 2338 1334 συντεχνων

1005 1389 1225 1452 σίτησιν
1272 1387 1442 1446 αὐτὸν
1488 1386 1545 1444 ἐν
1589 1389 1906 1472 πρυτανείῳ
1956 1379 2269 1468 λαμβάνειν

1004 1518 1191 1608 θρόνον
1237 1540 1296 1581 τε
1343 1524 1438 1580 τοῦ
1483 1514 1795 1591 πλοὺτωνος
1843 1512 1970 1591 ἑξῆς

1002 1787 1102 1860 ἕως
1146 1791 1395 1875 ἀφίκοιτο
1439 1788 1543 1853 τὴν
1589 1788 1795 1870 τέχνην
1844 1788 2157 1875 σοφώτερος

1001 1921 1184 2008 ἕτερός
1226 1942 1306 1993 τις
1352 1922 1547 1982 αὑτοῦ·
1595 1920 1717 1982 τότε
1763 1913 1828 1981 δὲ
1875 1928 2245 2008 παραχωρεῖν
2290 1912 2418 1981 ἔδει.

578 2177 714 2246 Ubi
757 2173 865 2244 'ex
932 2175 1348 2265 imperfecto
1418 2170 1530 2240 ἔδει
1599 2180 1797 2265 patet
1864 2175 1981 2244 hic
2051 2194 2450 2244 sermonem
2518 2195 2673 2243 esse
2737 2174 2824 2242 de

493 2321 842 2399 tempore,
912 2330 1055 2399 quo
1129 2310 1237 2378 lex
1306 2308 1471 2378 data
1545 2315 1688 2397 est,
1765 2327 1947 2398 quae
1990 2305 2115 2377 'vs.
2181 2307 2304 2376 761
2365 2314 2820 2377 memoratur.

492 2444 722 2512 Verba
784 2447 888 2520 ἕως
932 2450 1182 2535 α’φίκοιτο
1238 2444 1460 2532 igitur
1511 2442 1828 2533 pendent
1876 2463 1916 2511 a
1962 2444 2346 2532 praeterito
2399 2452 2554 2507 κατὰ
2599 2448 2824 2506 σύνεσιν

489 2584 572 2645 ut
616 2578 717 2645 ita
763 2576 1029 2661 dicam,
1080 2575 1475 2645 seeundum
1525 2576 1843 2666 regulam
1893 2596 2044 2667 cap.
2087 2576 2151 2644 II
2190 2575 2227 2665 ἓ
2261 2576 2299 2643 1
2339 2582 2821 2643 memoratam.

491 2709 752 2778 Eodem
808 2709 1012 2777 modo
1059 2713 1289 2785 ἕως...
1337 2716 1548 2800 γένοιτο
1599 2710 1725 2798 Eq.
1774 2730 1873 2778 vs.
1923 2708 2059 2778 135
2105 2710 2279 2777 mihi
2326 2708 2820 2798 explicandum

492 2864 648 2912 esse
712 2843 1010 2911 videtur.
1127 2843 1426 2912 Videtur
1501 2844 1690 2913 enim
1763 2845 2072 2934 pendere
2143 2864 2184 2913 a
2253 2845 2542 2912 notione
2611 2850 2822 2912 antea

495 2985 783 3066 accepta
845 2996 972 3065 per
1032 2976 1400 3045 oraculum
1468 2998 1565 3046 vs,
1613 2976 1749 3046 128
1794 2983 2301 3063 memoratum,
2360 2976 2822 3067 quamobrem

499 3111 710 3180 nolim
764 3110 998 3200 legere
1046 3131 1209 3179 cum
1258 3110 1669 3180 Hermanno
1722 3112 1822 3176 καὶ
1863 3119 1915 3176 τί
1961 3119 2150 3176 τοῦτον
2194 3117 2315 3198 χρὴ
2364 3110 2558 3175 παθεῖν
2588 3131 2822 3200 neque
2883 3176 2886 3179 ,

491 3266 651 3314 cum
720 3245 984 3313 Kockio
1044 3246 1142 3309 καὶ
1202 3251 1256 3310 τί
1317 3239 1476 3310 τόνδε
1538 3251 1659 3337 χρὴ
1722 3247 1920 3310 παθεῖν
1983 3244 2110 3314 sed
2169 3255 2265 3309 καὶ
2325 3253 2376 3310 τί
2421 3239 2581 3310 τόνδε
2633 3246 2817 3333 <sive

488 3379 705 3466 τοῦτον)
774 3389 927 3470 χρῆν
972 3380 1168 3443 παθεῖν
1232 3378 1340 3446 vel
1407 3377 1647 3448 littera
1709 3402 1735 3442 ε
1796 3376 2125 3448 vocabuli
2187 3373 2346 3443 τόνδε
2411 3377 2624 3447 verbo
2669 3389 2820 3470 χρῆν

492 3513 765 3581 addita:
813 3521 912 3575 καὶ
954 3519 1006 3577 τί
1051 3506 1199 3577 τόνδ’
1245 3515 1427 3603 ἐχρῆν
1473 3512 1710 3597 παθεῖν;

581 3646 783 3727 Quod
848 3651 1084 3714 autem
1153 3645 1412 3713 attinet
1468 3643 1559 3712 ad
1607 3645 2003 3735 optativum
2050 3644 2479 3734 pendentem
2527 3665 2566 3712 a
2614 3665 2817 3735 prae-

495 3781 698 3848 terito
747 3779 938 3869 quod
985 3778 1335 3869 appellavi
1383 3787 1541 3844 κατὰ
1586 3784 1812 3843 σύνεσιν
1862 3779 1947 3848 cf.
1998 3780 2176 3847 Ran.
2225 3799 2326 3847 vs,
2376 3779 2499 3846 23:

913 4008 991 4073 εἶτ
1032 4013 1142 4095 οὐχ
1186 4006 1351 4100 ὕβρις
1398 4014 1560 4074 ταῦτ’
1606 4014 1728 4074 ἐστὶ
1775 4018 1873 4073 καί
1918 4007 2100 4079 πολλη
2145 4015 2327 4099 τρυφή

911 4144 993 4208 ὅτ’
1041 4147 1151 4232 ἐγὼ
1196 4147 1298 4228 μὲν
1343 4142 1417 4204 ὢν
1467 4145 1766 4217 Διόννύσος
1785 4193 1800 4223 ,
1850 4148 1960 4215 υἱὸς
2007 4142 2289 4229 Σταμνίου

912 4281 1079 4350 αὐτὸς
1123 4270 1349 4365 βαδίζω
1397 4277 1497 4338 καὶ
1541 4286 1692 4340 πονῶ
1711 4325 1728 4358 ,
1776 4283 1966 4340 τοῦτον
2013 4270 2197 4361 δ’ὸχὼ

910 4415 1000 4473 ἴνα
1045 4415 1128 4496 μὴ
1173 4407 1584 4500 ταλαιπωροῖτο
1629 4402 1753 4495 μηδ
1758 4407 1772 4435 ’
1821 4408 1997 4493 ἄχθος
2041 4411 2224 4498 φὲρθῑὶ
2257 4445 2271 4458 ·

578 4658 915 4735 Quamvis
976 4659 1271 4749 optativi
1336 4657 1693 4746 pendeant
1755 4678 1797 4725 a
1859 4677 2088 4746 praes.
2136 4663 2292 4744 ὀχῶ,
2341 4663 2576 4726 tamen
2627 4658 2815 4728 inest

2555 4768 2581 4815 7
