3484 5609
1211 995 1776 1093 CAPUT
1877 994 2048 1090 III.

1561 1482 1711 1550 Κᾶν.

1073 1719 1114 1798 ξ
1159 1713 1225 1782 1.
1294 1712 1430 1778 Κᾶν
1469 1714 1545 1781 in
1587 1714 1873 1780 oratione
1916 1713 2191 1800 obliqua.

556 1974 637 2042 In
709 1974 1080 2041 sententiis
1148 1970 1745 2039 conditionalibus
1815 1973 1925 2033 κᾶν
1996 1962 2242 2039 nasum
2290 1976 2398 2037 est
2446 1992 2484 2038 e
2531 1972 2628 2033 καὶ
2674 1975 2796 2039 ἐάν.

464 2107 590 2172 Καὶ
639 2105 1035 2193 significare
1083 2112 1315 2194 potest
1360 2114 1453 2188 et,
1518 2105 1758 2192 itaque
1803 2109 1911 2167 κᾶν
1960 2124 2100 2172 non
2148 2104 2382 2173 differt.
2430 2125 2469 2172 a
2520 2105 2784 2193 signifi-

462 2242 744 2308 catione
792 2238 1299 2307 vocabulorum
1343 2239 1412 2306 ἢν
1459 2233 1543 2305 δὲ.

560 2374 734 2442 Vide
781 2395 862 2440 e..
912 2394 974 2462 g.
1023 2374 1150 2440 Av.
1200 2392 1300 2440 vs.
1346 2370 1520 2438 566:

681 2569 749 2636 ἢν
792 2562 857 2631 δὲ
904 2561 1221 2631 Ποσειδῶνί
1265 2589 1348 2640 τις
1386 2565 1466 2628 οἷν
1508 2565 1613 2653 Θύῃ
1633 2616 1649 2645 ‚
1696 2570 1875 2654 νήττῃ
1919 2570 2130 2656 πυροὺς
2175 2568 2515 2657 καθαγίζειν·

678 2702 748 2770 ἢν
792 2696 848 2764 δ’
896 2698 1195 2790 Ἡρακλέει
1237 2700 1405 2787 θύῃσι
1422 2748 1438 2780 ‚
1487 2696 1645 2789 λάρῳ
1691 2703 1933 2772 ναστοὺς
1977 2700 2119 2763 Θυειν
2164 2698 2549 2786 μελιτοῦντας·

679 2835 786 2897 κᾶν
830 2835 919 2896 Διὶ
953 2835 1059 2922 Θυῃ
1102 2830 1334 2917 βασιλεῖ
1376 2839 1524 2923 κρίον
1542 2883 1558 2912 ,
1604 2830 1880 2916 βασιλεὺς
1918 2834 2039 2897 ἐστ’
2086 2832 2309 2924 ὀρχίλος
2354 2835 2517 2923 ὅρνις.

559 3029 656 3097 Cf.
703 3029 883 3097 Nub.
933 3050 1032 3097 vs.
1081 3027 1291 3097 1126:
1362 3064 1378 3087 x

673 3226 743 3293 ἢν
787 3219 851 3288 δὲ
896 3222 1235 3288 πλινθεύοντ’
1280 3219 1487 3311 ἴδωμεν
1505 3273 1522 3303 ,
1568 3225 1773 3309 ὕσομεν
1820 3225 1920 3286 καὶ
1963 3231 2062 3288 τοῦ
2106 3228 2299 3314 τέγους

675 3364 769 3422 τὸν
813 3361 1056 3447 κέραμον
1100 3362 1272 3421 αὐτοῦ
1316 3355 1606 3442 χαλάζαις
1650 3356 2029 3447 στρογγύλαις
2074 3358 2469 3447 συντρίψομεν.

673 3492 782 3553 κᾶν
825 3501 990 3580 γαμῇ
1027 3490 1152 3555 ποτ’
1196 3495 1366 3566 αὐτὸς
1407 3491 1444 3559 ἢ
1489 3501 1600 3554 τῶν
1644 3488 1932 3579 ξυγγενῶν
1978 3491 2016 3558 ἢ
2062 3500 2173 3554 τῶν
2220 3499 2392 3581 φίλων
2414 3544 2428 3570 ,

672 3626 877 3710 ὕσομεν
919 3630 1023 3691 τήν
1067 3629 1247 3713 νύκτα
1288 3635 1506 3687 πᾶσαν·
1554 3624 1695 3687 ὥστ’
1743 3627 1881 3697 ἴσως
1925 3621 2279 3705 βουλήσεται

674 3759 785 3820 κᾶν
828 3762 884 3819 ἐν
928 3760 1195 3848 Αἰγύπτῳ
1239 3771 1432 3844 τυχεῖν
1477 3759 1549 3821 ἂν
1596 3756 1813 3844 μᾶλλον
1861 3758 1898 3827 ἢ
1945 3768 2128 3848 κρῖναι
2173 3768 2390 3831 κακῶς.

552 3978 688 4047 Ubi
774 3978 970 4066 prius
1030 3980 1142 4041 κᾶν
1203 3997 1303 4046 νε.
1365 3976 1546 4046 1128
1602 3979 1898 4048 eandem
1968 4000 2262 4068 prorsus
2332 3980 2790 4070 significatio-

462 4135 628 4182 nem
693 4113 905 4180 habet
968 4132 1179 4200 quam
1249 4113 1318 4181 ἢν
1363 4107 1429 4176 δέ
1480 4133 1577 4180 vs.
1623 4112 1837 4195 1126,
1886 4113 2278 4182 secundum
2317 4117 2427 4178 κᾶν
2469 4135 2567 4182 vs.
2616 4114 2795 4182 1130

462 4253 702 4314 autem
774 4265 1066 4335 prorsus
1138 4245 1330 4313 aliud
1402 4247 1572 4334 quid
1641 4245 2028 4335 significat3
2101 4247 2188 4315 de
2250 4267 2390 4336 quo
2438 4247 2574 4315 vid.
2625 4247 2790 4337 Cap.

461 4380 557 4448 III
606 4386 645 4462 ξ
693 4379 756 4446 2.
806 4378 906 4447 Cf.
955 4378 1086 4446 Av.
1139 4398 1235 4446 vs.
1281 4377 1494 4463 1111,
1546 4378 1726 4447 Nub.
1782 4400 1877 4448 vs,
1925 4378 2092 4463 992,
2142 4380 2316 4448 Ran.
2367 4401 2465 4447 vs.
2511 4379 2709 4450 1178.

553 4514 927 4581 Praeterea
973 4520 1068 4575 καί
1115 4509 1517 4601 significare
1568 4519 1799 4601 potest
1825 4514 2051 4599 etiam,
2095 4514 2682 4601 itaquem'e‘veciam
2707 4517 2783 4583 εἰ.

465 4647 541 4714 Ε.
593 4669 653 4736 g.
700 4649 830 4714 Av.
884 4667 980 4715 vs.
1025 4645 1249 4714 1550:
