3484 5609
1636 625 1726 695 25

607 824 788 892 Plut.
837 844 936 891 νε.
986 823 1164 891 1140
1206 826 1277 886 ἄν
1321 821 1911 925 ἰᾶεῐῐιείςηίίὶοαῐ
1951 823 2140 912 quod
2181 823 2426 891 eodem
2471 843 2681 891 versu
2720 829 2845 889 αἐίε

764 1026 876 1110 ἐγὼ
920 1019 980 1084 σ’
1026 1037 1087 1083 ἀν
1132 1019 1419 1084 λανθάνειν
1465 1025 1679 1084 ἐποίουν
1725 1026 1833 1085 αἐί.
1882 1020 1942 1083 σ’
1988 1021 2060 1082 ἄν
2108 1019 2187 1086 R.
2238 1042 2304 1082 σε
2353 1019 2594 1087 ceteri.

811 1338 873 1407 2.
966 1339 1060 1408 De
1105 1341 1348 1408 incerta
1392 1339 1854 1428 siqmficatione
1894 1339 2225 1428 praeteriti
2272 1359 2418 1406 cum
2464 1341 2554 1407 ἄν.

609 1580 792 1648 Sunt
851 1580 1234 1668 praeterita
1295 1600 1458 1648 oum
1504 1581 1576 1643 ἄν
1622 1578 2039 1668 praesertim
2086 1578 2160 1646 in
2209 1579 2580 1647 sententiis
2627 1579 2846 1668 parti-

522 1713 682 1782 cula
743 1712 1140 1801 negationis
1204 1711 1578 1801 praeditiS,
1648 1731 1951 1801 quorum
2002 1711 2422 1801 significatio
2471 1732 2612 1780 non
2655 1718 2848 1781 certo

522 1846 738 1914 statui
799 1853 1070 1935 potest,
1132 1847 1206 1914 in
1270 1844 1531 1935 quibus
1588 1846 1766 1914 nihil
1835 1852 2028 1915 certo
2072 1846 2375 1933 indicat,
2423 1852 2664 1915 utrum
2713 1867 2846 1914 nu-

521 1979 859 2048 meranda
913 1981 1056 2048 sint
1124 1980 1214 2048 ad
1261 1979 1642 2069 praeterita
1693 1980 1884 2048 modi
1932 1980 2341 2069 potentialis
2395 1980 2682 2070 (prioris
2730 2000 2848 2069 ge-

524 2114 748 2200 neris)
823 2133 915 2181 an
984 2113 1071 2181 ad
1134 2114 1517 2202 praeterita
1593 2114 2053 2202 repetitionis,
2126 2112 2329 2189 Quod
2399 2114 2850 2198 Hermannus

525 2248 695 2317 dicit
743 2248 829 2315 ad
878 2248 1055 2317 Ran.
1104 2270 1202 2316 νε.
1255 2248 1386 2318 732
1432 2249 1776 2316 aoristum
1824 2248 1941 2317 hio
1988 2248 2074 2315 de
2113 2248 2495 2337 praeterito
2534 2254 2851 2337 tempore

523 2382 891 2471 usurpari,
936 2382 1070 2451 hoo
1117 2382 1304 2451 valet
1351 2383 1562 2451 etiam
1612 2382 1700 2450 de
1744 2382 2194 2483 imperfecto:
2245 2384 2330 2451 of.
2380 2383 2508 2451 Av.
2557 2403 2657 2452 νε.
2678 2381 2846 2451 520:

654 2580 813 2665 ὤμνυ
857 2578 913 2644 τ’
958 2558 1134 2652 οὖδεις
1179 2579 1296 2643 τότ’
1342 2586 1404 2642 ἂν
1447 2578 1766 2668 ἀνθρώπων
1811 2578 1929 2642 θεὸν
1948 2578 1971 2660 ,·
2011 2577 2144 2642 ἀλλ’
2192 2579 2407 2669 ’ὄρνιθας
2452 2583 2721 2652 ἅπαντες.

614 2774 917 2842 Perinde
987 2780 1094 2842 est
1166 2775 1317 2842 sive
1372 2774 1625 2842 vertis:
1688 2794 1875 2842 nemo
1920 2774 2153 2841 solebat
2197 2783 2348 2842 tunc
2393 2775 2619 2843 iurare
2664 2776 2811 2844 deos
2832 2829 2849 2862 ‚

525 2891 636 2958 sed
680 2911 898 2959 omnes
944 2911 1092 2958 aves
1113 2942 1129 2975 ,
1179 2890 1362 2958 sive:
1425 2911 1610 2958 nemo
1657 2898 1811 2958 tunc
1854 2891 2132 2959 iurasset
2181 2890 2343 2979 (scil.
2392 2892 2452 2959 si
2493 2892 2851 2959 iurandum

1680 2989 1687 3016 Ι

526 3025 736 3093 esset.)

615 3099 724 3228 Cf:
780 3158 937 3226 Pae.
1009 3178 1111 3225 vs.
1172 3156 1383 3244 1200,
1448 3156 1628 3226 Nub.
1680 3178 1780 3226 νε.
1828 3157 1995 3240 979,
2044 3156 2213 3244 981,
2259 3157 2472 3243 1384,
2524 3159 2699 3227 Rau.
2749 3180 2849 3226 vs.

527 3294 692 3380 732,
738 3292 908 3378 927,
957 3292 1164 3381 Vesp.
1212 3312 1313 3359 vs.
1361 3291 1511 3360 277.

613 3428 692 3495 In
739 3426 1089 3496 sententia
1129 3425 1480 3494 affirmata
1525 3426 1662 3494 vid.
1710 3426 1888 3494 Rau.
1936 3447 2037 3494 vs.
2083 3425 2296 3494 1022:

818 3626 846 3688 ὃ
891 3624 1233 3710 Θεασάμενος
1276 3633 1393 3696 πᾶς
1438 3626 1510 3686 ἅν
1556 3644 1637 3696 τις
1683 3628 1831 3712 α’νὴρ
1876 3624 2107 3712 ἠράσθη
2160 3619 2318 3698 δάιος
2362 3624 2498 3687 εἶναι
2517 3675 2532 3705 ,

527 3820 695 3910 quod
738 3820 797 3886 si
840 3818 1241 3908 conspicatus
1285 3828 1440 3887 esset
1459 3783 1491 3899 ‚¹
1519 3819 1793 3908 quisque
1836 3827 2089 3906 cuperet
2134 3840 2268 3887 esse
2312 3798 2657 3888 bellicosus,

616 3953 863 4042 Itaque
925 3951 1100 4020 haec
1146 3952 1529 4041 praeterita
1576 3972 1738 4020 oum
1785 3954 1857 4016 ἄν
1902 3954 2476 4042 appropinquant
2524 3974 2850 4022 nonnun-

530 4105 743 4175 quam
793 4084 1292 4175 significationi
1340 4085 1634 4174 optativi
1681 4085 2123 4174 potentiali5‚
2188 4091 2506 4173 tempore
2552 4088 2852 4154 aetionis

531 4225 807 4287 tantum
854 4224 1147 4287 mutato,

619 4351 720 4420 Cf.
768 4352 953 4421 Plut.
1001 4372 1101 4419 vs,
1147 4349 1326 4418 1179
1372 4371 1602 4441 seqq.:

995 4555 1077 4621 ὅτ’
1124 4556 1274 4642 εἶχον
1318 4550 1480 4620 οὐδέν
1499 4605 1516 4638 ,
1564 4558 1593 4618 ὁ
1637 4559 1740 4643 μὲν
1784 4571 1846 4619 ἂν
1892 4561 2047 4626 ἥκων
2092 4556 2326 4646 ἔμπορος

1002 4689 1192 4754 ἔθυσεν
1239 4693 1422 4782 ἱερεῖόν
1468 4714 1518 4754 τι
1563 4690 1760 4763 σωθείς
1786 4740 1801 4771 ,
1857 4693 1886 4752 ὁ
1930 4684 1996 4752 δέ
2040 4712 2120 4764 τις
2166 4691 2237 4751 ἄν
