3484 5609
1793 622 1839 687 6

651 815 906 885 Graeci
975 817 1370 903 veterrimi,
1444 816 1668 883 donec
1744 816 1984 884 futuro
2042 816 2365 900 inventu,
2429 814 2553 883 ubi
2600 814 2770 903 quid
2820 814 2988 880 sim-

646 951 926 1039 pliciter
988 950 1309 1019 futurum
1372 950 1607 1019 dicere
1654 950 1958 1034 vellent,
2026 951 2248 1019 futuri
2296 949 2595 1017 formam
2643 969 2991 1037 usurpare

612 1091 1063 1173 ·coepe1·unt,
1114 1086 1649 1154 coniunctivum
1693 1092 1935 1153 autem
1981 1083 2082 1151 ibi
2133 1090 2545 1168 servarunt,
2596 1083 2722 1151 ubi
2746 1082 2989 1172 aliqua

648 1218 1066 1287 deliberatio
1112 1218 1349 1288 locum
1397 1219 1655 1287 habere
1705 1217 2132 1287 videretur.''

737 1351 892 1427 Quo
963 1351 1043 1419 fit
1114 1359 1192 1421 ut
1259 1373 1400 1420 non
1464 1372 1743 1441 semper
1804 1352 2110 1440 liqueat,
2174 1357 2418 1419 utrum
2484 1350 2798 1418 futurum
2845 1350 2990 1417 ind.

650 1485 1131 1554 adhibendum
1216 1485 1342 1571 sit,
1430 1506 1522 1553 an
1608 1506 1751 1553 aor.
1836 1486 2016 1554 coni.
2103 1484 2565 1552 deliberativi.
2630 1482 2988 1571 Aristoph.

651 1620 835 1688 Plut.
901 1641 999 1688 vs.
1064 1620 1239 1688 1027
1289 1629 1529 1688 autem
1579 1619 1935 1687 Beckerus
1983 1619 2304 1687 futurum
2343 1624 2558 1687 ποιήσει
2604 1626 2830 1702 recte,
2878 1639 2991 1686 me

644 1718 915 1839 iudice,
986 1754 1059 1820 in
1120 1761 1334 1842 ποιήσῃ
1397 1753 1732 1839 mutavit,
1800 1753 1968 1840 quia
2038 1750 2462 1820 Chremulus
2534 1772 2676 1818 non
2747 1757 2985 1839 rogat,

655 1886 826 1974 quid
874 1887 1194 1954 facturus
1243 1887 1336 1953 sit
1385 1871 1596 1972 dene,
1648 1885 1774 1953 sed
1822 1885 1996 1973 quid
2045 1885 2110 1953 ei
2153 1884 2556 1953 faciendum
2598 1885 2710 1952 sit.

857 2250 898 2326 ἓ
944 2246 1006 2311 3.
1099 2243 1209 2311 De·
1240 2244 1515 2332 optativo
1553 2244 1896 2331 potentiali
1939 2242 2332 2309 coniunctivo
2378 2241 2782 2308 deliberatwo

1633 2404 2022 2492 conqruenti.

743 2646 1131 2713 Hermanni
1184 2645 1784 2713 animadversioni
1834 2664 2048 2733 quam
2097 2663 2315 2732 supra
2361 2641 2569 2710 attuli
2620 2648 2990 2711 consenta-

655 2800 867 2847 neum
925 2784 1066 2865 est,
1132 2777 1323 2866 quod
1387 2785 1530 2866 opt.
1596 2784 1737 2866 pot.
1788 2792 2305 2865 nonnunquam
2355 2776 2509 2843 loeo
2560 2777 2992 2844 coniunctivi

653 2911 1096 2980 deliberativi
1143 2920 1547 3001 usurpatur.
1599 2912 1782 2981 Nub.
1835 2934 1932 2980 vs.
1983 2911 2088 2978 79.

1063 3120 1180 3182 πῶς,
1227 3105 1353 3179 δῆτ’
1399 3110 1472 3171 ἂν
1520 3105 1706 3178 ἥδιστ’
1761 3113 1931 3172 αὐτὸν
1977 3114 2353 3198 ἑπεγεὶραιμι;
2401 3117 2555 3190 πῶς;

745 3351 845 3418 Cf.
891 3349 1019 3418 AV.
1064 3371 1161 3417 VS.
1214 3349 1347 3417 '173
1395 3357 1464 3417 et
1513 3348 1680 3431 172,
1731 3348 1853 3416 ubi
1901 3349 2310 3418 Dindorflus
2363 3357 2415 3412 τί
2459 3351 2531 3413 ἂν
2577 3306 2989 3436 οὖνέποιοῖμεν,

655 3484 966 3551 Cobetus
1034 3489 1273 3550 autem
1340 3490 1390 3546 τί
1437 3480 1531 3545 οὖν
1577 3492 1817 3568 ποιῶμεν
1867 3482 2246 3571 legendum
2292 3490 2500 3571 putat
2560 3482 2662 3550 Cf4
2710 3484 2989 3550 Thesm.

656 3637 755 3684 vs.
821 3615 990 3702 768,
1061 3614 1184 3683 ubi
1258 3617 1614 3683 Porsonus
1687 3617 2001 3703 optativo
2069 3618 2168 3678 ἄν.
2209 3615 2517 3701 addidit,
2604 3622 2674 3683 et
2739 3617 2992 3684 merito

657 3750 981 3839 quidem,
1033 3748 1222 3838 quod
1270 3769 1509 3817 merus
1560 3750 1920 3837 optativus
1967 3768 2112 3816 non
2160 3748 2293 3817 hoc
2343 3768 2558 3816 sensu
2604 3756 2993 3838 usurpatur

656 3883 781 3950 sed
829 3882 1330 3950 coniunctivus
1380 3883 1464 3950 cf.
1515 3880 1698 3950 Nub.
1749 3902 1849 3950 vs.
1896 3881 2019 3961 87,
2074 3880 2240 3966 798,
2289 3880 2484 3949 1378.
2528 3881 2654 3948 Αν.
2700 3903 2796 3950 vs.
2822 3882 2990 3968 164,

656 4015 869 4102 1640,
916 4015 1114 4084 1432.
1165 4016 1349 4083 Huic
1397 4023 1635 4083 autem
1679 4016 1859 4084 coni.
1889 4013 2351 4083 deliberativo
2383 4035 2526 4082 non
2554 4015 2993 4102 particulao'c'v

655 4150 1057 4238 apponitur.
1110 4150 1360 4238 Itaque
1410 4148 1613 4217 Nub.‘
1647 4168 1745 4216 VS.
1794 4147 1930 4218 845
1976 4148 2127 4216 cod.
2179 4148 2350 4216 Rav.
2396 4169 2538 4217 non
2564 4156 2756 4217 recte
2779 4149 2994 4218 habet

657 4288 840 4371 πότερ’
910 4285 982 4346 ἂν
1051 4290 1366 4373 παρανοίας
1433 4286 1604 4347 αὐτὸν
1675 4287 2000 4371 εἰσαγαγὼν
2060 4280 2205 4367 ἕλω;
2278 4282 2466 4370 quod
2514 4301 2669 4350 esse
2717 4289 2993 4371 oportet

658 4422 890 4507 πότερον
955 4416 1061 4485 vel
1123 4420 1336 4506 πότερα
1401 4422 1712 4501 παρανοίας
1760 4417 1878 4482 κτὲ.
1929 4414 2030 4483 Cf.
2078 4413 2261 4483 Nub.
2311 4435 2411 4482 VS.
2457 4413 2610 4482 638.
2660 4415 2761 4483 De
2809 4416 2990 4485 Plut.

658 4571 757 4619 vs,
806 4549 940 4619 374
986 4556 1056 4618 et
1101 4547 1236 4617 438
1281 4547 1418 4617 vid.
1470 4548 1707 4616 Herm.
1759 4547 1801 4615 1.
1831 4547 1872 4615 l.
1917 4546 2067 4616 Lib.
2116 4547 2211 4616 111
2262 4546 2427 4636 Cap.
2474 4546 2519 4614 5
2570 4548 2758 4638 (pag.
2784 4549 2991 4637 158);
3123 4601 3129 4608 .

660 4685 745 4752 de
795 4684 979 4752 Plut.
1032 4703 1131 4751 vs.
1187 4681 1362 4750 1027
1412 4682 1550 4749 vid.
1602 4701 1820 4771 supra
1869 4681 2035 4770 Cap.
2083 4681 2132 4750 1.
2181 4680 2261 4749 A.
2313 4689 2353 4764 ὅ
2401 4681 2464 4748 2.
