3484 5609
1718 534 1808 598 69

680 727 753 794 Si
822 722 952 790 οὐδὲ
1023 726 1372 813 significat
1443 747 1652 794 ne...
1711 727 1974 816 quidem
2039 746 2250 814 saepe
2311 727 2661 814 particula
2708 729 2779 789 ἄν
2827 733 2934 793 est

591 859 866 942 addita,
938 879 1120 948 quae
1192 860 1503 948 pertinet
1565 860 1655 927 ad
1723 860 2034 927 verbum.
2105 860 2295 946 (Vid.
2367 857 2531 947 Cap.
2586 859 2695 927 ‘lV
2745 866 2784 941 ξ
2829 859 2929 944 1.)

592 993 667 1059 Ε.
720 1013 780 1081 g.
813 994 1117 1081 ‚Eqsvs
1168 991 1334 1061 573:

1546 1214 1643 1268 καὶ
1691 1212 2020 1295 στρατηγὸς
2065 1201 2186 1268 οὐδ’
2234 1206 2306 1267 ἂν
2353 1207 2424 1277 εἷς

1015 1349 1124 1402 τῶν
1172 1346 1279 1428 πρὸ
1326 1346 1420 1403 τοῦ
1466 1347 1690 1408 σίτησιν
1738 1337 1912 1427 ᾔτησ’
1961 1343 2211 1429 ἐρόμενος
2257 1338 2613 1403 Κλεαίνετον.

681 1569 1099 1662 Exemplum
1176 1568 1297 1636 ubi
1367 1564 1496 1632 οὐδὲ
1565 1569 1919 1657 significat
1983 1591 2065 1638 ne
2269 1569 2531 1658 quidem
2579 1575 2648 1636 et
2694 1591 2934 1658 neque,

590 1701 757 1767 dum
807 1704 879 1763 ἄν
927 1703 1235 1790 pertinet
1285 1702 1380 1769 ad
1430 1701 1764 1787 verbum,
1819 1702 2119 1790 legimus
2167 1702 2376 1791 Vesp.
2427 1722 2527 1768 vs,
2580 1699 2698 1766 72:

1015 1919 1083 1985 ἢν
1131 1910 1255 1979 οὐδ’
1305 1916 1376 1978 ἂν
1422 1916 1494 1988 εἷς
1542 1922 1700 2003 γνοίη
1745 1920 1868 1978 ποτ’
1914 1909 2038 1978 οὐδ’
2089 1915 2159 1977 ἂν
2205 1912 2489 2001 ξυμβάλοι

590 2136 714 2204 ubi
784 2136 984 2225 prius
1052 2131 1181 2199 οὐδὲ
1245 2135 1599 2224 significat
1668 2114 1896 2203 ne...
1947 2136 2209 2225 quidem
2281 2135 2449 2203 dum
2513 2139 2585 2198 ἄν
2645 2136 2734 2203 ad
2771 2135 2934 2224 ‘opt.

589 2276 733 2357 pot.
798 2276 954 2358 γνοίη
1012 2269 1351 2357 pertinet,
1419 2269 1815 2338 secundum
1878 2265 2004 2333 οὐδὲ
2067 2275 2304 2337 autem
2360 2291 2598 2359 neque,
2649 2269 2819 2337 dum
2868 2272 2937 2332 ἅν

588 2404 757 2470 item
806 2401 894 2469 ad
944 2409 1086 2491 opt.
1137 2409 1279 2490 pot.
1327 2399 1616 2489 ξυμβάλοι
1663 2405 1995 2492 pertinet.

678 2535 1069 2622 Utriusque
1147 2533 1690 2622 significationis
1778 2534 2177 2621 exemplum
2250 2535 2652 2602 invenimus
2722 2534 2934 2601 etiam

591 2665 777 2733 Nub.
828 2687 926 2734 vs,
977 2666 1112 2733 425
1158 2687 1341 2756 seq.:

700 2883 813 2951 οὐδ’
861 2888 932 2950 ἂν
978 2882 1336 2973 διαλεχθείην
1381 2893 1434 2976 y’
1481 2895 1736 2973 ἀτεχνῶς
1785 2900 1895 2960 τοῖς
1942 2885 2133 2960 ἄλλοις
2153 2942 2169 2973 ,
2218 2883 2340 2951 οὐδ’
2388 2889 2459 2951 ἂν
2505 2895 2778 2952 α’παντῶν
2798 2938 2812 2965 ,

665 3016 818 3084 ὀὐδ’
868 3022 938 3083 ἂν
986 3022 1214 3106 θύσαιμ’
1260 3016 1382 3084 οὐδ’
1431 3022 1502 3084 ἂν
1549 3020 1846 3106 σπείσαιμ’
1897 3015 2013 3084 οὐδ’
2061 3023 2301 3090 ἐπιθείην
2349 3019 2681 3104 λιβανωτόν.

678 3242 996 3309 Primum
1068 3249 1140 3309 et
1210 3241 1605 3309 secundum
1677 3235 1806 3305 οὐδὲ
1879 3240 2283 3329 significant
2350 3262 2432 3309 ne
2673 3242 2936 3331 quidem

587 3374 756 3441 dum
822 3374 1021 3461 prius
1086 3376 1155 3435 ἄν
1220 3374 1530 3460 pertinet
1577 3373 1665 3439 ad
1715 3380 1858 3461 opt.
1910 3379 2053 3462 pot.
2101 3368 2487 3459 διαλεχθείην,
2541 3374 2935 3442 secundum

588 3505 676 3571 ad
727 3504 911 3572 idem
962 3504 1295 3589 verbum,
1345 3504 1534 3592 quod
1585 3512 1824 3572 tamen
1874 3506 2255 3590 omissum,
2305 3506 2936 3595 sedepraegresso

590 3644 827 3705 mente
877 3637 1342 3726 repetendum
1393 3644 1520 3705 est.
1575 3637 1676 3706 Cf.
1728 3637 1855 3706 Av.
1902 3659 2001 3706 vs.
2058 3638 2172 3706 11:

1078 3825 1193 3894 οὐδ’
1239 3832 1312 3893 ἂν
1358 3839 1444 3918 μοὶ
1491 3832 1585 3895 Δί’
1635 3833 1881 3896 ἐντεῦθεν
1927 3831 1985 3919 y'
2038 3827 2464 3907 Ἐξηκεστίδης.

678 4034 804 4101 Αν.
855 4055 954 4102 vs.
1004 4032 1173 4101 815:

1061 4222 1163 4290 οὐδ
1211 4228 1281 4290 ἂν
1330 4233 1595 4316 χαμεύνῃ
1641 4235 1795 4292 πάνυ
1841 4251 1907 4317 γε
1955 4233 2169 4317 κειρίαν
2215 4230 2268 4314 γ’
2318 4226 2487 4311 ἔχων.

681 4440 1041 4524 Tertium,
1114 4446 1449 4527 quartum
1512 4446 1582 4507 et
1653 4440 1986 4528 quintum
2053 4432 2186 4502 οὐδὲ
2245 4437 2425 4505 Nub.
2494 4457 2595 4504 VS.
2644 4436 2779 4504 426
2826 4456 2935 4504 se-

589 4574 880 4661 quentia
930 4592 1092 4640 cum
1136 4572 1572 4660 praegressis
1614 4573 2098 4662 coniungunt,
2142 4578 2212 4639 et
2259 4569 2663 4659 significant
2711 4590 2934 4659 neque.
