<?xml version="1.0" encoding="UTF-8"?>
<!DOCTYPE html PUBLIC "-//W3C//DTD XHTML 1.0 Transitional//EN"
    "http://www.w3.org/TR/xhtml1/DTD/xhtml1-transitional.dtd">
<html xmlns="http://www.w3.org/1999/xhtml" xml:lang="en" lang="en">
 <head>
  <title>
</title>
<meta http-equiv="Content-Type" content="text/html;charset=utf-8" />
  <meta name='ocr-system' content='tesseract 3.04.00' />
  <meta name='ocr-capabilities' content='ocr_page ocr_carea ocr_par ocr_line ocrx_word'/>
</head>
<body>
  <div class='ocr_page' id='page_1' title='image "./deusuparticulae00unkngoog_0102.png"; bbox 0 0 3484 5609; ppageno 0'>
   <div class='ocr_carea' id='block_1_1' title="bbox 1694 551 1786 616">
    <p class='ocr_par' dir='ltr' id='par_1_1' title="bbox 1694 551 1786 616">
     <span class='ocr_line' id='line_1_1' title="bbox 1694 551 1786 616; baseline 0 0"><span class='ocrx_word' id='word_1_1' title='bbox 1694 551 1786 616; x_wconf 79' lang='lat'>92</span> 
     </span>
    </p>
   </div>
   <div class='ocr_carea' id='block_1_2' title="bbox 572 739 2935 4418">
    <p class='ocr_par' dir='ltr' id='par_1_2' title="bbox 871 739 2606 1085">
     <span class='ocr_line' id='line_1_2' title="bbox 871 739 2395 832; baseline -0.001 -23"><span class='ocrx_word' id='word_1_2' title='bbox 871 753 916 809; x_wconf 81' lang='grc' dir='ltr'>εἰ</span> <span class='ocrx_word' id='word_1_3' title='bbox 958 739 1024 809; x_wconf 86' lang='grc' dir='ltr'>δέ</span> <span class='ocrx_word' id='word_1_4' title='bbox 1070 769 1177 810; x_wconf 93' lang='grc' dir='ltr'>που</span> <span class='ocrx_word' id='word_1_5' title='bbox 1224 748 1446 809; x_wconf 82' lang='grc' dir='ltr'>πέσοιεν</span> <span class='ocrx_word' id='word_1_6' title='bbox 1490 750 1548 819; x_wconf 87' lang='grc' dir='ltr'>ἐς</span> <span class='ocrx_word' id='word_1_7' title='bbox 1592 751 1685 809; x_wconf 86' lang='grc' dir='ltr'>τὸν</span> <span class='ocrx_word' id='word_1_8' title='bbox 1730 751 1886 832; x_wconf 86' lang='grc' dir='ltr'>ὠμὸν</span> <span class='ocrx_word' id='word_1_9' title='bbox 1932 749 1989 807; x_wconf 85' lang='grc' dir='ltr'>ἐν</span> <span class='ocrx_word' id='word_1_10' title='bbox 2036 751 2208 832; x_wconf 84' lang='grc' dir='ltr'>μάχῃ</span> <span class='ocrx_word' id='word_1_11' title='bbox 2257 751 2395 824; x_wconf 84' lang='grc' dir='ltr'>τινί,</span> 
     </span>
     <span class='ocr_line' id='line_1_3' title="bbox 872 876 2606 965; baseline -0.001 -23"><span class='ocrx_word' id='word_1_12' title='bbox 872 876 1027 942; x_wconf 75' lang='grc' dir='ltr'>τοῦτ’</span> <span class='ocrx_word' id='word_1_13' title='bbox 1073 877 1440 965; x_wconf 75' lang='grc' dir='ltr'>ἀπεψήσαντ’</span> <span class='ocrx_word' id='word_1_14' title='bbox 1488 891 1550 941; x_wconf 75' lang='grc' dir='ltr'>ἄν</span> <span class='ocrx_word' id='word_1_15' title='bbox 1569 926 1586 958; x_wconf 85' lang='lat'>‚</span> <span class='ocrx_word' id='word_1_16' title='bbox 1634 876 1735 942; x_wconf 83' lang='grc' dir='ltr'>εἶτ’</span> <span class='ocrx_word' id='word_1_17' title='bbox 1782 885 2051 965; x_wconf 75' lang='grc' dir='ltr'><strong>ἠρνοῦντο</strong></span> <span class='ocrx_word' id='word_1_18' title='bbox 2092 884 2176 963; x_wconf 82' lang='grc' dir='ltr'>μὴ</span> <span class='ocrx_word' id='word_1_19' title='bbox 2221 879 2606 964; x_wconf 79' lang='grc' dir='ltr'>πεπτωκέναι,</span> 
     </span>
     <span class='ocr_line' id='line_1_4' title="bbox 872 1005 1625 1085; baseline 0.003 -12"><span class='ocrx_word' id='word_1_20' title='bbox 872 1009 1030 1073; x_wconf 83' lang='grc' dir='ltr'>άλλοὶ</span> <span class='ocrx_word' id='word_1_21' title='bbox 1073 1005 1402 1075; x_wconf 81' lang='grc' dir='ltr'>διεπάλαιον</span> <span class='ocrx_word' id='word_1_22' title='bbox 1448 1008 1625 1085; x_wconf 80' lang='grc' dir='ltr'>αὖθις.</span> 
     </span>
    </p>

    <p class='ocr_par' dir='ltr' id='par_1_3' title="bbox 572 1140 2914 1477">
     <span class='ocr_line' id='line_1_5' title="bbox 661 1140 2912 1231; baseline 0 -20"><span class='ocrx_word' id='word_1_23' title='bbox 661 1142 800 1211; x_wconf 89' lang='lat' dir='ltr'>Ubi</span> <span class='ocrx_word' id='word_1_24' title='bbox 844 1157 909 1205; x_wconf 69' lang='grc' dir='ltr'>ἄν</span> <span class='ocrx_word' id='word_1_25' title='bbox 955 1144 1280 1231; x_wconf 84' lang='lat' dir='ltr'>quamvis</span> <span class='ocrx_word' id='word_1_26' title='bbox 1327 1143 1453 1210; x_wconf 89' lang='lat' dir='ltr'>uni</span> <span class='ocrx_word' id='word_1_27' title='bbox 1503 1141 1719 1210; x_wconf 87' lang='lat' dir='ltr'>verbo</span> <span class='ocrx_word' id='word_1_28' title='bbox 1766 1140 2136 1229; x_wconf 71' lang='grc' dir='ltr'>ἀπεψήσαντ’</span> <span class='ocrx_word' id='word_1_29' title='bbox 2181 1147 2464 1209; x_wconf 85' lang='lat' dir='ltr'>tantum</span> <span class='ocrx_word' id='word_1_30' title='bbox 2504 1143 2912 1231; x_wconf 84' lang='lat' dir='ltr'>appositum</span> 
     </span>
     <span class='ocr_line' id='line_1_6' title="bbox 572 1270 2914 1365; baseline 0 -22"><span class='ocrx_word' id='word_1_31' title='bbox 572 1276 1099 1344; x_wconf 62' lang='lat' dir='ltr'>tamen—etiam</span> <span class='ocrx_word' id='word_1_32' title='bbox 1162 1275 1253 1344; x_wconf 82' lang='lat' dir='ltr'>ad</span> <span class='ocrx_word' id='word_1_33' title='bbox 1318 1275 1534 1343; x_wconf 84' lang='lat' dir='ltr'><strong>verba</strong></span> <span class='ocrx_word' id='word_1_34' title='bbox 1594 1283 1861 1365; x_wconf 77' lang='grc' dir='ltr'>ἠρνοῦντο</span> <span class='ocrx_word' id='word_1_35' title='bbox 1915 1281 1989 1343; x_wconf 84' lang='lat' dir='ltr'>et</span> <span class='ocrx_word' id='word_1_36' title='bbox 2032 1270 2360 1340; x_wconf 79' lang='grc' dir='ltr'>διεπάλαιον</span> <span class='ocrx_word' id='word_1_37' title='bbox 2405 1276 2765 1364; x_wconf 85' lang='lat' dir='ltr'>pertinere</span> <span class='ocrx_word' id='word_1_38' title='bbox 2810 1277 2914 1343; x_wconf 83' lang='lat' dir='ltr'>vi-</span> 
     </span>
     <span class='ocr_line' id='line_1_7' title="bbox 575 1408 803 1477; baseline 0 0"><span class='ocrx_word' id='word_1_39' title='bbox 575 1408 803 1477; x_wconf 81' lang='lat' dir='ltr'>detur.</span> 
     </span>
    </p>

    <p class='ocr_par' dir='ltr' id='par_1_4' title="bbox 666 1541 1386 1629">
     <span class='ocr_line' id='line_1_8' title="bbox 666 1541 1386 1629; baseline 0.001 -20"><span class='ocrx_word' id='word_1_40' title='bbox 666 1541 767 1609; x_wconf 89' lang='lat' dir='ltr'>Cf.</span> <span class='ocrx_word' id='word_1_41' title='bbox 816 1542 978 1629; x_wconf 82' lang='lat' dir='ltr'>Lys.</span> <span class='ocrx_word' id='word_1_42' title='bbox 1028 1562 1127 1610; x_wconf 90' lang='lat' dir='ltr'>vs.</span> <span class='ocrx_word' id='word_1_43' title='bbox 1174 1541 1386 1610; x_wconf 82' lang='lat'><strong>1236:</strong></span> 
     </span>
    </p>

    <p class='ocr_par' dir='ltr' id='par_1_5' title="bbox 1080 1673 2493 2029">
     <span class='ocr_line' id='line_1_9' title="bbox 1878 1673 2493 1761; baseline 0 -26"><span class='ocrx_word' id='word_1_44' title='bbox 1878 1673 2019 1736; x_wconf 84' lang='grc' dir='ltr'>ὥστ’</span> <span class='ocrx_word' id='word_1_45' title='bbox 2068 1681 2111 1736; x_wconf 82' lang='grc' dir='ltr'>εί</span> <span class='ocrx_word' id='word_1_46' title='bbox 2153 1676 2256 1760; x_wconf 85' lang='grc' dir='ltr'>μέν</span> <span class='ocrx_word' id='word_1_47' title='bbox 2300 1676 2368 1761; x_wconf 89' lang='grc' dir='ltr'>γέ</span> <span class='ocrx_word' id='word_1_48' title='bbox 2414 1695 2493 1746; x_wconf 87' lang='grc' dir='ltr'>τις</span> 
     </span>
     <span class='ocr_line' id='line_1_10' title="bbox 1080 1800 2490 1897; baseline 0 -28"><span class='ocrx_word' id='word_1_49' title='bbox 1080 1800 1212 1889; x_wconf 79' lang='grc' dir='ltr'>ᾄδοι</span> <span class='ocrx_word' id='word_1_50' title='bbox 1254 1803 1596 1887; x_wconf 85' lang='grc' dir='ltr'>Τελαμῶνος</span> <span class='ocrx_word' id='word_1_51' title='bbox 1613 1856 1630 1887; x_wconf 84' lang='grc'>,</span> <span class='ocrx_word' id='word_1_52' title='bbox 1677 1805 2079 1897; x_wconf 80' lang='grc' dir='ltr'>Κλειταγόρας</span> <span class='ocrx_word' id='word_1_53' title='bbox 2122 1801 2202 1889; x_wconf 79' lang='grc' dir='ltr'>ᾅδ</span> <span class='ocrx_word' id='word_1_54' title='bbox 2205 1829 2278 1870; x_wconf 89' lang='grc' dir='ltr'>ειν</span> <span class='ocrx_word' id='word_1_55' title='bbox 2324 1801 2453 1870; x_wconf 91' lang='grc' dir='ltr'>δέον</span> <span class='ocrx_word' id='word_1_56' title='bbox 2473 1859 2490 1892; x_wconf 85' lang='lat'>‚</span> 
     </span>
     <span class='ocr_line' id='line_1_11' title="bbox 1083 1939 2339 2029; baseline 0.002 -28"><span class='ocrx_word' id='word_1_57' title='bbox 1083 1941 1437 2027; x_wconf 78' lang='grc' dir='ltr'>ἐπῃνέσαμεν</span> <span class='ocrx_word' id='word_1_58' title='bbox 1472 1952 1534 2000; x_wconf 73' lang='grc' dir='ltr'>ἂν</span> <span class='ocrx_word' id='word_1_59' title='bbox 1578 1939 1676 2001; x_wconf 79' lang='grc' dir='ltr'>καὶ</span> <span class='ocrx_word' id='word_1_60' title='bbox 1719 1944 2339 2029; x_wconf 76' lang='grc' dir='ltr'>προσεπιωρκήσαμεν.</span> 
     </span>
    </p>

    <p class='ocr_par' dir='ltr' id='par_1_6' title="bbox 578 2067 2928 2956">
     <span class='ocr_line' id='line_1_12' title="bbox 669 2067 2924 2162; baseline -0.002 -24"><span class='ocrx_word' id='word_1_61' title='bbox 669 2070 809 2139; x_wconf 83' lang='lat' dir='ltr'>Sed</span> <span class='ocrx_word' id='word_1_62' title='bbox 851 2072 1025 2139; x_wconf 83' lang='lat' dir='ltr'>haec</span> <span class='ocrx_word' id='word_1_63' title='bbox 1071 2073 1460 2160; x_wconf 74' lang='lat' dir='ltr'>praeterita</span> <span class='ocrx_word' id='word_1_64' title='bbox 1505 2080 1808 2161; x_wconf 80' lang='grc' dir='ltr'>ἠρνοῦντο,</span> <span class='ocrx_word' id='word_1_65' title='bbox 1855 2067 2181 2137; x_wconf 79' lang='grc' dir='ltr'>διεπάλαιον</span> <span class='ocrx_word' id='word_1_66' title='bbox 2226 2079 2298 2141; x_wconf 84' lang='lat' dir='ltr'>et</span> <span class='ocrx_word' id='word_1_67' title='bbox 2338 2077 2924 2162; x_wconf 83' lang='grc' dir='ltr'>προσεπιωρκήσαμεν</span> 
     </span>
     <span class='ocr_line' id='line_1_13' title="bbox 578 2203 2922 2293; baseline -0 -21"><span class='ocrx_word' id='word_1_68' title='bbox 578 2223 873 2293; x_wconf 86' lang='lat' dir='ltr'>prorsus</span> <span class='ocrx_word' id='word_1_69' title='bbox 928 2204 1190 2272; x_wconf 83' lang='lat' dir='ltr'>omissa</span> <span class='ocrx_word' id='word_1_70' title='bbox 1236 2203 1588 2292; x_wconf 83' lang='lat' dir='ltr'>particula</span> <span class='ocrx_word' id='word_1_71' title='bbox 1634 2219 1698 2267; x_wconf 72' lang='grc' dir='ltr'>ἄν</span> <span class='ocrx_word' id='word_1_72' title='bbox 1745 2224 1978 2292; x_wconf 83' lang='lat' dir='ltr'>neque</span> <span class='ocrx_word' id='word_1_73' title='bbox 2027 2210 2266 2272; x_wconf 84' lang='lat' dir='ltr'>mente</span> <span class='ocrx_word' id='word_1_74' title='bbox 2313 2205 2618 2292; x_wconf 83' lang='lat' dir='ltr'>repetita</span> <span class='ocrx_word' id='word_1_75' title='bbox 2664 2204 2922 2272; x_wconf 92' lang='lat' dir='ltr'>nihilo-</span> 
     </span>
     <span class='ocr_line' id='line_1_14' title="bbox 582 2336 2927 2426; baseline 0 -22"><span class='ocrx_word' id='word_1_76' title='bbox 582 2337 818 2406; x_wconf 86' lang='lat' dir='ltr'>minus</span> <span class='ocrx_word' id='word_1_77' title='bbox 888 2336 1232 2426; x_wconf 68' lang='lat' dir='ltr'>explicari</span> <span class='ocrx_word' id='word_1_78' title='bbox 1300 2344 1624 2425; x_wconf 86' lang='lat' dir='ltr'><strong>possunt.</strong></span> <span class='ocrx_word' id='word_1_79' title='bbox 1696 2337 1882 2406; x_wconf 84' lang='lat' dir='ltr'><strong>Sunt</strong></span> <span class='ocrx_word' id='word_1_80' title='bbox 1948 2342 2189 2405; x_wconf 83' lang='lat' dir='ltr'>autem</span> <span class='ocrx_word' id='word_1_81' title='bbox 2254 2338 2672 2426; x_wconf 82' lang='lat' dir='ltr'>praeterita,</span> <span class='ocrx_word' id='word_1_82' title='bbox 2741 2356 2927 2425; x_wconf 82' lang='lat' dir='ltr'>quae</span> 
     </span>
     <span class='ocr_line' id='line_1_15' title="bbox 583 2468 2926 2558; baseline -0 -20"><span class='ocrx_word' id='word_1_83' title='bbox 583 2469 890 2538; x_wconf 87' lang='lat' dir='ltr'>dicimus</span> <span class='ocrx_word' id='word_1_84' title='bbox 960 2470 1033 2537; x_wconf 82' lang='lat' dir='ltr'>in</span> <span class='ocrx_word' id='word_1_85' title='bbox 1101 2491 1174 2538; x_wconf 82' lang='lat' dir='ltr'>re</span> <span class='ocrx_word' id='word_1_86' title='bbox 1241 2491 1372 2537; x_wconf 79' lang='lat' dir='ltr'>non</span> <span class='ocrx_word' id='word_1_87' title='bbox 1438 2471 1657 2558; x_wconf 83' lang='lat' dir='ltr'>facta,</span> <span class='ocrx_word' id='word_1_88' title='bbox 1729 2475 1801 2538; x_wconf 81' lang='lat' dir='ltr'>et</span> <span class='ocrx_word' id='word_1_89' title='bbox 1871 2470 2168 2558; x_wconf 86' lang='lat' dir='ltr'>optativi</span> <span class='ocrx_word' id='word_1_90' title='bbox 2231 2468 2692 2557; x_wconf 79' lang='lat' dir='ltr'>potentialeS‚</span> <span class='ocrx_word' id='word_1_91' title='bbox 2741 2489 2926 2558; x_wconf 83' lang='lat' dir='ltr'>quae</span> 
     </span>
     <span class='ocr_line' id='line_1_16' title="bbox 582 2601 2928 2692; baseline 0 -22"><span class='ocrx_word' id='word_1_92' title='bbox 582 2601 783 2670; x_wconf 81' lang='lat' dir='ltr'>verbi</span> <span class='ocrx_word' id='word_1_93' title='bbox 855 2601 1239 2688; x_wconf 83' lang='lat' dir='ltr'>formulae,</span> <span class='ocrx_word' id='word_1_94' title='bbox 1304 2603 1629 2691; x_wconf 79' lang='lat' dir='ltr'>quamvis</span> <span class='ocrx_word' id='word_1_95' title='bbox 1699 2623 1830 2692; x_wconf 84' lang='lat' dir='ltr'>per</span> <span class='ocrx_word' id='word_1_96' title='bbox 1899 2622 1976 2671; x_wconf 85' lang='lat' dir='ltr'>se</span> <span class='ocrx_word' id='word_1_97' title='bbox 2042 2603 2237 2691; x_wconf 89' lang='lat' dir='ltr'>ipsas</span> <span class='ocrx_word' id='word_1_98' title='bbox 2285 2601 2636 2690; x_wconf 84' lang='lat' dir='ltr'>particula</span> <span class='ocrx_word' id='word_1_99' title='bbox 2683 2622 2928 2670; x_wconf 82' lang='lat' dir='ltr'>carere</span> 
     </span>
     <span class='ocr_line' id='line_1_17' title="bbox 583 2733 2923 2822; baseline 0 -19"><span class='ocrx_word' id='word_1_100' title='bbox 583 2755 727 2803; x_wconf 90' lang='lat' dir='ltr'>non</span> <span class='ocrx_word' id='word_1_101' title='bbox 797 2735 1109 2822; x_wconf 79' lang='lat' dir='ltr'>possint,</span> <span class='ocrx_word' id='word_1_102' title='bbox 1179 2740 1457 2816; x_wconf 84' lang='lat' dir='ltr'>tamen,</span> <span class='ocrx_word' id='word_1_103' title='bbox 1527 2735 1952 2803; x_wconf 82' lang='lat' dir='ltr'>coniunctae</span> <span class='ocrx_word' id='word_1_104' title='bbox 2015 2754 2178 2803; x_wconf 86' lang='lat' dir='ltr'>oum</span> <span class='ocrx_word' id='word_1_105' title='bbox 2227 2733 2451 2802; x_wconf 85' lang='lat' dir='ltr'>altero</span> <span class='ocrx_word' id='word_1_106' title='bbox 2499 2733 2714 2803; x_wconf 83' lang='lat' dir='ltr'>verbo</span> <span class='ocrx_word' id='word_1_107' title='bbox 2760 2755 2923 2803; x_wconf 86' lang='lat' dir='ltr'>oum</span> 
     </span>
     <span class='ocr_line' id='line_1_18' title="bbox 584 2866 2284 2956; baseline 0 -25"><span class='ocrx_word' id='word_1_108' title='bbox 584 2886 647 2931; x_wconf 66' lang='grc' dir='ltr'>ἄν</span> <span class='ocrx_word' id='word_1_109' title='bbox 695 2872 1145 2948; x_wconf 70' lang='lat' dir='ltr'>construam,</span> <span class='ocrx_word' id='word_1_110' title='bbox 1194 2866 1328 2934; x_wconf 82' lang='lat' dir='ltr'>hac</span> <span class='ocrx_word' id='word_1_111' title='bbox 1374 2867 1728 2956; x_wconf 85' lang='lat' dir='ltr'>particula</span> <span class='ocrx_word' id='word_1_112' title='bbox 1778 2873 2043 2936; x_wconf 81' lang='lat' dir='ltr'><strong>carent.</strong></span> <span class='ocrx_word' id='word_1_113' title='bbox 2094 2868 2171 2935; x_wconf 91' lang='lat' dir='ltr'>E.</span> <span class='ocrx_word' id='word_1_114' title='bbox 2219 2888 2284 2956; x_wconf 85' lang='lat' dir='ltr'>g.</span> 
     </span>
    </p>

    <p class='ocr_par' dir='ltr' id='par_1_7' title="bbox 674 2999 1175 3070">
     <span class='ocr_line' id='line_1_19' title="bbox 674 2999 1175 3070; baseline -0.002 -1"><span class='ocrx_word' id='word_1_115' title='bbox 674 3001 801 3070; x_wconf 91' lang='lat' dir='ltr'>Av.</span> <span class='ocrx_word' id='word_1_116' title='bbox 855 3021 954 3069; x_wconf 83' lang='lat' dir='ltr'>VS.</span> <span class='ocrx_word' id='word_1_117' title='bbox 1008 2999 1175 3069; x_wconf 85' lang='lat'>790:</span> 
     </span>
    </p>

    <p class='ocr_par' dir='ltr' id='par_1_8' title="bbox 904 3128 2539 3489">
     <span class='ocr_line' id='line_1_20' title="bbox 904 3128 2539 3223; baseline -0.002 -25"><span class='ocrx_word' id='word_1_118' title='bbox 904 3138 954 3198; x_wconf 80' lang='grc' dir='ltr'>εἴ</span> <span class='ocrx_word' id='word_1_119' title='bbox 996 3158 1055 3198; x_wconf 89' lang='grc' dir='ltr'>τε</span> <span class='ocrx_word' id='word_1_120' title='bbox 1101 3128 1532 3223; x_wconf 81' lang='grc' dir='ltr'>Πατροκλείδης</span> <span class='ocrx_word' id='word_1_121' title='bbox 1579 3157 1656 3206; x_wconf 83' lang='grc' dir='ltr'>τις</span> <span class='ocrx_word' id='word_1_122' title='bbox 1702 3140 1860 3219; x_wconf 83' lang='grc' dir='ltr'>ὑμῶν</span> <span class='ocrx_word' id='word_1_123' title='bbox 1905 3139 2183 3222; x_wconf 76' lang='grc' dir='ltr'>τυγχάνει</span> <span class='ocrx_word' id='word_1_124' title='bbox 2224 3137 2503 3218; x_wconf 82' lang='grc' dir='ltr'>χεζητιῶν</span> <span class='ocrx_word' id='word_1_125' title='bbox 2523 3183 2539 3213; x_wconf 81' lang='lat'>,</span> 
     </span>
     <span class='ocr_line' id='line_1_21' title="bbox 904 3261 2413 3352; baseline -0.001 -23"><span class='ocrx_word' id='word_1_126' title='bbox 904 3271 1005 3329; x_wconf 83' lang='grc' dir='ltr'>οὐκ</span> <span class='ocrx_word' id='word_1_127' title='bbox 1053 3279 1115 3329; x_wconf 70' lang='grc' dir='ltr'>ἂν</span> <span class='ocrx_word' id='word_1_128' title='bbox 1162 3261 1399 3342; x_wconf 82' lang='grc' dir='ltr'>ἐξίδισεν</span> <span class='ocrx_word' id='word_1_129' title='bbox 1444 3270 1501 3340; x_wconf 84' lang='grc' dir='ltr'>ἐς</span> <span class='ocrx_word' id='word_1_130' title='bbox 1544 3266 1823 3352; x_wconf 84' lang='grc' dir='ltr'>θοὶμάτιον</span> <span class='ocrx_word' id='word_1_131' title='bbox 1842 3316 1857 3344; x_wconf 84' lang='grc'><em>,</em></span> <span class='ocrx_word' id='word_1_132' title='bbox 1914 3263 2048 3329; x_wconf 86' lang='grc' dir='ltr'>άλλ’</span> <span class='ocrx_word' id='word_1_133' title='bbox 2096 3268 2377 3330; x_wconf 84' lang='grc' dir='ltr'>άνέπτατο</span> <span class='ocrx_word' id='word_1_134' title='bbox 2396 3315 2413 3346; x_wconf 83' lang='grc'><em>,</em></span> 
     </span>
     <span class='ocr_line' id='line_1_22' title="bbox 906 3394 2443 3489; baseline -0.001 -27"><span class='ocrx_word' id='word_1_135' title='bbox 906 3394 1299 3489; x_wconf 79' lang='grc' dir='ltr'>κάποπαρδὼν</span> <span class='ocrx_word' id='word_1_136' title='bbox 1343 3402 1747 3472; x_wconf 71' lang='grc' dir='ltr'>κάναπνεύσας</span> <span class='ocrx_word' id='word_1_137' title='bbox 1793 3396 1951 3472; x_wconf 77' lang='grc' dir='ltr'>αὖθις</span> <span class='ocrx_word' id='word_1_138' title='bbox 1995 3396 2072 3462; x_wconf 79' lang='grc' dir='ltr'>αὖ</span> <span class='ocrx_word' id='word_1_139' title='bbox 2118 3400 2443 3462; x_wconf 83' lang='grc' dir='ltr'>κατέπτατο</span> 
     </span>
    </p>

    <p class='ocr_par' dir='ltr' id='par_1_9' title="bbox 908 3531 2557 4014">
     <span class='ocr_line' id='line_1_23' title="bbox 908 3531 2457 3618; baseline -0.002 -23"><span class='ocrx_word' id='word_1_140' title='bbox 908 3536 957 3595; x_wconf 81' lang='grc' dir='ltr'>εἴ</span> <span class='ocrx_word' id='word_1_141' title='bbox 998 3556 1057 3597; x_wconf 88' lang='grc' dir='ltr'>τε</span> <span class='ocrx_word' id='word_1_142' title='bbox 1101 3535 1381 3617; x_wconf 79' lang='grc' dir='ltr'>μοιχεύων</span> <span class='ocrx_word' id='word_1_143' title='bbox 1420 3554 1503 3604; x_wconf 91' lang='grc' dir='ltr'>τις</span> <span class='ocrx_word' id='word_1_144' title='bbox 1547 3537 1702 3617; x_wconf 83' lang='grc' dir='ltr'>ὑμῶν</span> <span class='ocrx_word' id='word_1_145' title='bbox 1748 3533 1901 3595; x_wconf 81' lang='grc' dir='ltr'>ἐστιν</span> <span class='ocrx_word' id='word_1_146' title='bbox 1947 3531 2101 3605; x_wconf 82' lang='grc' dir='ltr'>ὅστις</span> <span class='ocrx_word' id='word_1_147' title='bbox 2149 3535 2422 3618; x_wconf 77' lang='grc' dir='ltr'>τυγχάνει</span> <span class='ocrx_word' id='word_1_148' title='bbox 2441 3580 2457 3610; x_wconf 80' lang='lat'>,</span> 
     </span>
     <span class='ocr_line' id='line_1_24' title="bbox 909 3659 2557 3755; baseline -0.002 -25"><span class='ocrx_word' id='word_1_149' title='bbox 909 3665 1040 3748; x_wconf 76' lang='grc' dir='ltr'>κᾷθ’</span> <span class='ocrx_word' id='word_1_150' title='bbox 1088 3668 1194 3755; x_wconf 82' lang='grc' dir='ltr'>ὁρᾷ</span> <span class='ocrx_word' id='word_1_151' title='bbox 1239 3670 1333 3730; x_wconf 86' lang='grc' dir='ltr'>τὸν</span> <span class='ocrx_word' id='word_1_152' title='bbox 1379 3659 1562 3752; x_wconf 73' lang='grc' dir='ltr'>ἄνδρα</span> <span class='ocrx_word' id='word_1_153' title='bbox 1608 3674 1711 3739; x_wconf 83' lang='grc' dir='ltr'>τῆς</span> <span class='ocrx_word' id='word_1_154' title='bbox 1757 3669 2019 3753; x_wconf 87' lang='grc' dir='ltr'>γυναικὸς</span> <span class='ocrx_word' id='word_1_155' title='bbox 2067 3668 2123 3727; x_wconf 85' lang='grc' dir='ltr'>ἐν</span> <span class='ocrx_word' id='word_1_156' title='bbox 2171 3660 2521 3750; x_wconf 64' lang='grc' dir='ltr'>βουλευτικῷ</span> <span class='ocrx_word' id='word_1_157' title='bbox 2541 3714 2557 3744; x_wconf 85' lang='lat'>,</span> 
     </span>
     <span class='ocr_line' id='line_1_25' title="bbox 909 3795 2542 3890; baseline -0.001 -29"><span class='ocrx_word' id='word_1_158' title='bbox 909 3795 1063 3871; x_wconf 80' lang='grc' dir='ltr'>οὗτος</span> <span class='ocrx_word' id='word_1_159' title='bbox 1108 3813 1169 3861; x_wconf 81' lang='grc' dir='ltr'>ἀν</span> <span class='ocrx_word' id='word_1_160' title='bbox 1213 3795 1384 3890; x_wconf 84' lang='grc' dir='ltr'>πάλιν</span> <span class='ocrx_word' id='word_1_161' title='bbox 1427 3795 1571 3887; x_wconf 88' lang='grc' dir='ltr'>παρ’</span> <span class='ocrx_word' id='word_1_162' title='bbox 1619 3803 1777 3883; x_wconf 82' lang='grc' dir='ltr'>ὑμῶν</span> <span class='ocrx_word' id='word_1_163' title='bbox 1822 3802 2177 3888; x_wconf 78' lang='grc' dir='ltr'>πτερυγίσας</span> <span class='ocrx_word' id='word_1_164' title='bbox 2222 3799 2506 3860; x_wconf 89' lang='grc' dir='ltr'>α’νέπτατο</span> <span class='ocrx_word' id='word_1_165' title='bbox 2525 3846 2542 3878; x_wconf 83' lang='grc'><em>,</em></span> 
     </span>
     <span class='ocr_line' id='line_1_26' title="bbox 909 3926 2227 4014; baseline 0.002 -20"><span class='ocrx_word' id='word_1_166' title='bbox 909 3931 1032 3996; x_wconf 86' lang='grc' dir='ltr'>εἶτα</span> <span class='ocrx_word' id='word_1_167' title='bbox 1076 3926 1326 4014; x_wconf 81' lang='grc' dir='ltr'>βινήσας</span> <span class='ocrx_word' id='word_1_168' title='bbox 1369 3931 1572 3994; x_wconf 85' lang='grc' dir='ltr'>ἐκεῖθεν</span> <span class='ocrx_word' id='word_1_169' title='bbox 1616 3927 1778 4004; x_wconf 80' lang='grc' dir='ltr'>αὖθις</span> <span class='ocrx_word' id='word_1_170' title='bbox 1821 3926 1898 3993; x_wconf 81' lang='grc' dir='ltr'>αὖ</span> <span class='ocrx_word' id='word_1_171' title='bbox 1943 3929 2227 4003; x_wconf 83' lang='grc' dir='ltr'>καθέζετο.</span> 
     </span>
    </p>

    <p class='ocr_par' dir='ltr' id='par_1_10' title="bbox 596 4045 2935 4418">
     <span class='ocr_line' id='line_1_27' title="bbox 683 4045 2933 4152; baseline -0.01 -18"><span class='ocrx_word' id='word_1_172' title='bbox 683 4063 823 4134; x_wconf 87' lang='lat' dir='ltr'>Ubi</span> <span class='ocrx_word' id='word_1_173' title='bbox 886 4064 1271 4152; x_wconf 81' lang='lat' dir='ltr'>praeterita</span> <span class='ocrx_word' id='word_1_174' title='bbox 1331 4066 1611 4128; x_wconf 87' lang='grc' dir='ltr'>άνέπτατο</span> <span class='ocrx_word' id='word_1_175' title='bbox 1630 4112 1647 4142; x_wconf 84' lang='grc'><em>,</em></span> <span class='ocrx_word' id='word_1_176' title='bbox 1707 4045 2033 4127; x_wconf 79' lang='grc' dir='ltr'>κατέπτατο</span> <span class='ocrx_word' id='word_1_177' title='bbox 2085 4067 2157 4130; x_wconf 81' lang='lat' dir='ltr'>et</span> <span class='ocrx_word' id='word_1_178' title='bbox 2206 4062 2474 4135; x_wconf 84' lang='grc' dir='ltr'>καθέζετο</span> <span class='ocrx_word' id='word_1_179' title='bbox 2519 4078 2670 4129; x_wconf 82' lang='grc'>11011</span> <span class='ocrx_word' id='word_1_180' title='bbox 2712 4060 2933 4150; x_wconf 77' lang='lat' dir='ltr'>expli-</span> 
     </span>
     <span class='ocr_line' id='line_1_28' title="bbox 596 4192 2935 4284; baseline -0.002 -19"><span class='ocrx_word' id='word_1_181' title='bbox 596 4197 741 4265; x_wconf 79' lang='lat' dir='ltr'>cari</span> <span class='ocrx_word' id='word_1_182' title='bbox 809 4202 1114 4284; x_wconf 80' lang='lat' dir='ltr'>possunt</span> <span class='ocrx_word' id='word_1_183' title='bbox 1184 4195 1323 4264; x_wconf 91' lang='lat' dir='ltr'>nisi</span> <span class='ocrx_word' id='word_1_184' title='bbox 1392 4201 1631 4263; x_wconf 82' lang='lat' dir='ltr'>mente</span> <span class='ocrx_word' id='word_1_185' title='bbox 1700 4194 2005 4283; x_wconf 83' lang='lat' dir='ltr'>repetita</span> <span class='ocrx_word' id='word_1_186' title='bbox 2072 4192 2428 4283; x_wconf 82' lang='lat' dir='ltr'>particula</span> <span class='ocrx_word' id='word_1_187' title='bbox 2487 4208 2589 4280; x_wconf 71' lang='grc' dir='ltr'>ἄν,</span> <span class='ocrx_word' id='word_1_188' title='bbox 2652 4193 2744 4261; x_wconf 85' lang='lat' dir='ltr'>ad</span> <span class='ocrx_word' id='word_1_189' title='bbox 2793 4193 2935 4262; x_wconf 89' lang='lat' dir='ltr'>duo</span> 
     </span>
     <span class='ocr_line' id='line_1_29' title="bbox 596 4321 2935 4418; baseline -0.002 -21"><span class='ocrx_word' id='word_1_190' title='bbox 596 4329 833 4418; x_wconf 84' lang='lat' dir='ltr'>priora</span> <span class='ocrx_word' id='word_1_191' title='bbox 895 4327 1112 4395; x_wconf 79' lang='lat' dir='ltr'><strong>verba</strong></span> <span class='ocrx_word' id='word_1_192' title='bbox 1173 4349 1212 4395; x_wconf 84' lang='lat' dir='ltr'>e</span> <span class='ocrx_word' id='word_1_193' title='bbox 1276 4327 1662 4416; x_wconf 83' lang='lat' dir='ltr'>praeterito</span> <span class='ocrx_word' id='word_1_194' title='bbox 1723 4328 1799 4395; x_wconf 92' lang='lat' dir='ltr'>in</span> <span class='ocrx_word' id='word_1_195' title='bbox 1850 4347 1926 4394; x_wconf 83' lang='lat' dir='ltr'>re</span> <span class='ocrx_word' id='word_1_196' title='bbox 1972 4346 2117 4395; x_wconf 89' lang='lat' dir='ltr'>non</span> <span class='ocrx_word' id='word_1_197' title='bbox 2167 4327 2354 4395; x_wconf 82' lang='lat' dir='ltr'>facta</span> <span class='ocrx_word' id='word_1_198' title='bbox 2401 4327 2473 4389; x_wconf 79' lang='grc' dir='ltr'>ἂν</span> <span class='ocrx_word' id='word_1_199' title='bbox 2519 4321 2788 4413; x_wconf 81' lang='grc' dir='ltr'>ἐξίδισεν,</span> <span class='ocrx_word' id='word_1_200' title='bbox 2845 4325 2935 4393; x_wconf 80' lang='lat' dir='ltr'>ad</span> 
     </span>
    </p>
   </div>
   <div class='ocr_carea' id='block_1_3' title="bbox 596 4458 2934 4661">
    <p class='ocr_par' dir='ltr' id='par_1_11' title="bbox 596 4458 2934 4661">
     <span class='ocr_line' id='line_1_30' title="bbox 598 4458 2934 4550; baseline -0.003 -21"><span class='ocrx_word' id='word_1_201' title='bbox 598 4467 1041 4550; x_wconf 77' lang='lat' dir='ltr'>postremum</span> <span class='ocrx_word' id='word_1_202' title='bbox 1104 4459 1401 4530; x_wconf 85' lang='lat' dir='ltr'>verbum</span> <span class='ocrx_word' id='word_1_203' title='bbox 1462 4481 1501 4549; x_wconf 78' lang='lat' dir='ltr'>e</span> <span class='ocrx_word' id='word_1_204' title='bbox 1566 4459 1953 4548; x_wconf 83' lang='lat' dir='ltr'>praeterito</span> <span class='ocrx_word' id='word_1_205' title='bbox 2000 4459 2076 4526; x_wconf 90' lang='lat' dir='ltr'>in</span> <span class='ocrx_word' id='word_1_206' title='bbox 2124 4478 2202 4527; x_wconf 86' lang='lat' dir='ltr'>re</span> <span class='ocrx_word' id='word_1_207' title='bbox 2250 4478 2394 4526; x_wconf 89' lang='lat' dir='ltr'>non</span> <span class='ocrx_word' id='word_1_208' title='bbox 2444 4458 2632 4527; x_wconf 83' lang='lat' dir='ltr'>facta</span> <span class='ocrx_word' id='word_1_209' title='bbox 2676 4460 2750 4522; x_wconf 74' lang='grc' dir='ltr'>ἂν</span> <span class='ocrx_word' id='word_1_210' title='bbox 2784 4511 2799 4526; x_wconf 93' lang='grc'>.</span> <span class='ocrx_word' id='word_1_211' title='bbox 2829 4508 2845 4523; x_wconf 94' lang='grc'>.</span> <span class='ocrx_word' id='word_1_212' title='bbox 2873 4507 2934 4523; x_wconf 94' lang='grc'>..</span> 
     </span>
     <span class='ocr_line' id='line_1_31' title="bbox 596 4592 1222 4661; baseline 0.005 -3"><span class='ocrx_word' id='word_1_213' title='bbox 596 4598 878 4658; x_wconf 83' lang='grc' dir='ltr'>άνέπτατο</span> <span class='ocrx_word' id='word_1_214' title='bbox 923 4614 1022 4661; x_wconf 82' lang='lat' dir='ltr'>VS.</span> <span class='ocrx_word' id='word_1_215' title='bbox 1072 4592 1222 4661; x_wconf 85' lang='lat'><strong>795.</strong></span> 
     </span>
    </p>
   </div>
   <div class='ocr_carea' id='block_1_4' title="bbox 3460 1806 3484 4890">
    <p class='ocr_par' dir='ltr' id='par_1_12' title="bbox 3460 1806 3484 4890">
     <span class='ocr_line' id='line_1_32' title="bbox 3460 1806 3484 4890; baseline 0 0"><span class='ocrx_word' id='word_1_216' title='bbox 3460 1806 3484 4890; x_wconf 95' lang='lat' dir='ltr'> </span> 
     </span>
    </p>
   </div>
  </div>
 </body>
</html>
