3484 5609
1793 565 1886 634 90

745 759 1028 827 Thesm.
1094 779 1193 827 vs.
1259 756 1393 827 773
1453 759 1974 860 Mnesilochus,
2019 780 2243 849 quum
2298 761 2713 850 Euripidem
2761 781 2980 830 arces·

654 912 812 961 sere
880 890 1064 973 vult,
1127 911 1361 981 neque
1423 891 1674 978 habet,
1737 912 1953 981 quem
2022 893 2112 961 ad
2160 912 2325 962 eum
2370 894 2652 980 mittat,
2707 895 2879 963 dicit
2924 915 2997 963 se

656 1044 697 1091 e
757 1023 1080 1092 dramate
1142 1024 1331 1114 quod
1396 1024 1816 1094 inscribitur
1873 1025 2289 1094 Palamedes
2353 1026 2574 1112 scire,
2646 1027 2995 1116 quomodo

656 1158 792 1227 sibi
855 1177 1047 1226 nunc
1109 1157 1467 1247 agendum
1530 1158 1644 1226 sit.
1708 1157 1816 1225 Sic
1859 1167 1931 1226 ιιι
1978 1159 2372 1228 Palamedes
2429 1159 2684 1249 (fecit),
2733 1160 2995 1249 inquit,

655 1292 892 1358 iaciam
962 1311 1207 1376 remo-5,
1270 1299 1615 1380 postquam
1683 1291 1757 1358 in
1825 1292 1911 1359 iis
1976 1292 2310 1380 scripsero.
2404 1291 2543 1361 Sed
2616 1292 2788 1381 quia
2856 1311 2991 1360 non

656 1424 920 1493 adsunt
981 1424 1224 1510 remis
1258 1423 1419 1513 quid
1462 1432 1682 1493 autem
1735 1425 1965 1511 (erit),
2012 1425 2282 1513 inquit,
2344 1426 2405 1491 si
2446 1424 2606 1493 haec
2644 1426 2992 1492 simtdaera

649 1579 772 1645 pro
845 1559 1046 1625 remis
1114 1557 1417 1625 disiciam
1436 1609 1454 1642 ,
1535 1565 1881 1646 postquam
1950 1558 2023 1624 in
2084 1558 2172 1624 iis
2215 1558 2579 1647 scripsero?

1038 1697 1093 1756 τί
1137 1684 1195 1753 δ’
1243 1691 1351 1770 ἄν,
1399 1696 1445 1753 εἰ
1489 1684 1624 1754 ταδὶ
1670 1687 2008 1779 τάγάλματ’
2053 1694 2180 1755 α’ντὶ
2224 1700 2341 1756 τῶν
2385 1688 2622 1755 πλατῶν

1038 1828 1277 1912 γράφων
1320 1817 1737 1913 διαρρίπτοιμι;
1786 1822 1830 1890 i.
1881 1842 1941 1890 e.
1989 1829 2042 1888 τί
2088 1817 2147 1886 δ’
2195 1823 2268 1887 ἂν
2314 1826 2400 1892 εἴη
2445 1824 2575 1907 κτὲ;
2622 1828 2697 1891 et
2743 1823 2993 1892 deinde

608 1934 620 1946 ’
657 1956 790 2024 sibi
838 1956 978 2044 ipsi
1026 1955 1446 2044 respondet:
1494 1952 1717 2038 βέλτιον
1764 1952 1930 2020 πολὺ.

747 2090 848 2158 De
910 2090 1073 2178 [γε.
1139 2108 1238 2157 νε.
1286 2061 1636 2172 113,‘ubi
1684 2090 1994 2158 Dindors
2034 2090 2429 2159 secundum
2480 2091 2785 2160 Bentleii
2834 2111 2997 2160 con-

531 2267 546 2280 ·
653 2225 1000 2292 iecturam
1064 2222 1348 2292 scribit:
1417 2227 1532 2313 ἐγὼ
1598 2209 1703 2309 μ’ὲν
1761 2236 1824 2286 ἂν
1885 2236 1990 2287 κᾶν
2051 2231 2098 2288 εἰ
2144 2230 2315 2312 cet.,
2364 2224 2715 2315 Bergkius
2762 2231 2999 2293 autem

653 2358 831 2447 ἔγωγε
892 2371 988 2421 τὰν
1049 2373 1152 2420 κᾶν
1214 2363 1258 2421 εἰ
1302 2361 1436 2424 cet.
1487 2376 1527 2423 e
1573 2355 1838 2424 Suidae
1885 2357 2272 2445 scriptione
2318 2358 2491 2448 ἔγωγ’
2539 2373 2602 2421 ἅν
2656 2357 2889 2446 (Suid.
2938 2379 2998 2425 v.

652 2489 1005 2580 ἔγκυκλον),
1073 2490 1210 2558 vid.
1262 2488 1429 2592 Cup.
1482 2488 1571 2557 ΙΙΙ
1626 2494 1667 2571 ξ
1713 2492 1779 2557 4.

1327 2886 1365 2976 ἓ
1409 2890 1473 2955 4.
1566 2887 1911 2954 Partis-ula
1955 2889 2028 2951 ἄν
2072 2888 2335 2955 omissa.

742 3154 1065 3222 Diximus
1110 3153 1147 3241 g
1192 3152 1228 3220 1
1284 3151 1708 3241 particulam
1758 3166 1821 3215 ἄν
1869 3172 2238 3241 nunquam
2263 3158 2426 3241 post
2453 3153 2991 3222 coniunctivum

649 3289 857 3375 poni,
921 3286 1089 3375 quia
1151 3305 1434 3374 semper
1492 3284 1732 3373 aliquo
1797 3284 2141 3353 vocabulo
2188 3292 2516 3375 regatur,
2564 3286 2754 3375 quod
2804 3286 2994 3375 apud

651 3419 935 3487 initium
998 3418 1404 3510 ,sententiae
1451 3417 1877 3485 collocatum
1925 3432 1988 3479 ἄν
2033 3418 2382 3503 attrahat,
2417 3417 2750 3519 >ideoque
2813 3418 2997 3487 hanc

653 3550 1077 3641 particulam
1135 3569 1504 3639 nunquam
1567 3548 1760 3638 apud
1824 3549 2360 3619 coniunctivum
2412 3551 2639 3639 repeti
2687 3543 3002 3619 diximus

654 3690 695 3766 ἓ
742 3685 806 3752 2.
837 3719 852 3726 κ
885 3684 1117 3752 Etiam
1167 3683 1292 3751 ubi
1340 3683 1483 3751 duo
1531 3682 1640 3750 vel
1690 3682 1932 3770 plures
1980 3682 2416 3750 coniunctivi
2465 3702 2608 3751 una
2654 3683 2992 3752 coniunc-

652 3817 881 3902 tione,
943 3836 1088 3884 uno
1146 3816 1567 3904 pronomine
1613 3814 1910 3883 relativo
1949 3814 2062 3883 vel
2108 3833 2253 3883 una
2301 3814 2654 3904 particula
2698 3814 2994 3883 relativa

651 3954 1036 4038 reguntur,
1109 3947 1453 4037 particula
1523 3962 1625 4035 ἄν,
1698 3966 1883 4037 quae
1945 3946 2086 4016 illis
2150 3946 2518 4015 vocabulis
2565 3947 2992 4031 attrahitur,
3121 3999 3127 4004 .

652 4080 869 4148 semel
919 4086 1199 4149 tantum
1247 4080 1648 4149 adhibetur.
1698 4079 1776 4147 E.
1828 4099 1892 4168 g.
1940 4080 2117 4147 Ran.
2168 4099 2268 4148 vs.
2316 4078 2488 4147 969:

967 4214 1024 4287 ’ὸς
1068 4214 1139 4283 ἢν
1183 4225 1374 4288 κακοῖς
1417 4235 1527 4276 που
1573 4215 1852 4300 περιπέσῃ
1894 4216 1992 4276 καὶ
2035 4211 2273 4281 πλησίον
2318 4222 2599 4303 παραστῇ
2623 4261 2640 4291 .,

970 4348 1261 4410 πέπτωκεν
1306 4342 1413 4419 ἔξω
1457 4354 1570 4410 τῶν
1615 4354 1814 4407 κακῶν
1832 4393 1849 4425 ‚
1896 4348 1960 4407 οὐ
2007 4344 2147 4418 Χῖος
2190 4341 2347 4407 α’λλά
2393 4344 2581 4432 Κῷος.

739 4477 866 4545 AV.
915 4499 1016 4545 VS.
1064 4476 1275 4545 1622:
1379 4481 1516 4544 ὅταν
1561 4473 1875 4568 διαριθμῶν
1919 4472 2253 4568 ἀργυρίδιον
2293 4483 2453 4566 τύχῃ

1385 4612 1680 4701 ἅνθρωπος
1727 4609 1886 4682 οὗτος
1925 4609 1962 4678 ἦ
2007 4610 2253 4678 καθῆται
2300 4605 2596 4695 λούμενος,
