3484 5609
1577 558 1757 645 ‘67'

989 1018 1028 1093 ξ
1076 1014 1139 1077 4.
1212 1011 1346 1075 Κᾶν
1391 1013 1501 1079 toci
1546 1014 1901 1080 sententiae
1946 1014 2266 1080 additum.

545 1295 683 1364 Ubi
744 1298 851 1358 κᾶν
919 1296 1047 1362 toti
1105 1295 1502 1363 sententiae
1551 1295 2011 1363 conditionali
2061 1295 2462 1384 appositum
2515 1303 2658 1374 est,
2706 1302 2802 1358 καί

454 1430 766 1517 pertinet
830 1428 917 1495 ad
984 1428 1167 1496 hanc
1217 1427 1646 1495 sententiam
1698 1427 2283 1513 conditionalem,
2342 1428 2512 1496 dum
2560 1430 2631 1490 ἄν
2679 1434 2804 1495 aut

450 1563 784 1652 repetitio
850 1567 959 1630 est
1024 1560 1416 1649 particulae
1478 1560 1692 1627 verbo
1755 1561 2158 1650 appositae,
2208 1562 2399 1628 unde
2447 1560 2801 1628 sententia

452 1694 954 1763 conditionalis
1011 1694 1309 1783 pendet,
1380 1701 1505 1762 aut
1575 1694 1886 1782 pertinet
1956 1693 2044 1760 ad
2112 1694 2407 1762 verbum
2456 1694 2799 1785 omissum

451 1835 526 1896 et
573 1847 612 1895 e
660 1827 1018 1916 prioribu's
1082 1828 1316 1896 verbis
1376 1834 1614 1895 mente
1662 1826 2152 1916 repetendum.
2204 1827 2586 1895 Videamus
2629 1848 2685 1894 e.
2738 1847 2799 1915 g.

456 1961 638 2030 duos
689 1961 914 2029 locos:
967 1961 1144 2029 Ran.
1196 1981 1293 2029 vs.
1343 1959 1511 2030 585:

949 2211 1056 2273 κᾶν
1105 2213 1152 2271 εἴ
1192 2233 1262 2295 με
1311 2214 1530 2282 τύπτοις
1580 2214 1678 2272 οὐκ
1718 2210 1789 2271 ἂν
1835 2216 2143 2295 ἀντείποιμί
2190 2232 2308 2291 σοι,
2376 2227 2389 2241 ⁰

548 2487 687 2555 Ubi
764 2491 864 2549 καί
942 2486 1295 2574 significat
1371 2487 1464 2552 vel
1535 2483 1903 2573 pertinens
1976 2484 2063 2550 ad
2135 2485 2560 2552 sententiam
2635 2506 2800 2552 con-

458 2619 909 2698 ditionalem,
978 2618 1145 2701 dun»
1210 2619 1280 2680 ἄν
1345 2624 1452 2683 est
1516 2616 1846 2704 repetitio
1897 2616 2287 2704 particulae
2314 2617 2630 2708 ‚optativi
2680 2638 2798 2705 po-

456 2753 793 2821 tentialis.
843 2754 1004 2839 Lys.
1055 2771 1155 2818 vs.
1204 2749 1370 2817 111:

676 3009 813 3076 ΛΥ.
886 3008 1098 3073 ἐθέλοιτ’
1144 3009 1216 3071 ἂν
1263 3007 1392 3092 οὖν,
1444 3016 1483 3071 εἰ
1529 3015 1805 3095 μηχανήν
1853 3010 2052 3097 εὕροιμ’
2095 3014 2205 3097 ἐγὼ

876 3143 1002 3229 μετ’
1052 3148 1185 3229 ἐμοῦ
1232 3141 1565 3206 καταλῦσαι
1612 3148 1703 3205 τὸν
1741 3141 2006 3228 πὸλεμονς
2057 3141 2184 3204 ΜΥ
2229 3149 2298 3210 νὴ
2344 3149 2422 3207 τὼ
2467 3145 2590 3207 θεώ.

883 3281 997 3365 ἐγὼ
1044 3281 1145 3362 μὲν
1190 3277 1263 3338 ἂν
1308 3277 1418 3338 κᾶν
1462 3279 1511 3339 εἴ
1552 3299 1622 3362 με
1668 3279 1834 3365 χρείη
1881 3274 2227 3363 τοῦγκυκλον

881 3416 1036 3472 τουτὶ
1080 3410 1431 3472 καταθεῖσαν
1477 3409 1680 3470 ἐκπιεῖν
1724 3409 2062 3495 αὐθημερὸν.

674 3542 808 3608 KA.
881 3546 993 3629 ἐγὼ
1037 3535 1102 3603 δέ
1146 3540 1204 3629 y'
1254 3541 1325 3602 ἂν
1371 3540 1483 3602 κᾶν
1527 3539 1772 3628 ὡσπερεὶ
1816 3538 2039 3623 ψῆτταν
2085 3562 2156 3625 με
2200 3533 2278 3626 δῇ
2332 3538 2532 3625 (Cob-
2584 3540 2737 3628 χρῇ)

888 3668 1128 3736 ἐπιδοῦν’
1179 3677 1432 3760 ἐμαυτῆς
1477 3680 1925 3763 παρατεμοῦσαν
1969 3674 2203 3759 Θῆμισυ.

554 3968 961 4036 Secundum
1016 3960 1134 4030 ’κᾶν
1196 3975 1433 4036 ortum
1498 3973 1605 4033 est
1668 3987 1705 4033 e
1762 3974 1857 4029 καί
1906 3973 1976 4032 et
2023 3971 2122 4028 ἐάν
2170 3965 2664 4054 significatque
2712 3967 2808 4032 vel

458 4105 556 4189 si,
628 4101 762 4168 vid.
832 4092 996 4188 Cap.
1066 4101 1160 4168 lIl
1228 4100 1263 4189 ἕ
1311 4100 1372 4167 1.
1440 4100 1646 4167 Prius
1694 4101 1803 4162 κᾶν
1850 4106 2086 4166 autem
2139 4104 2387 4167 natum
2436 4104 2545 4164 est
2591 4119 2628 4166 e
2675 4105 2804 4183 καί,
2846 4189 2856 4201 ·

460 4234 652 4325 quod
720 4235 1028 4322 pertinet
1086 4233 1172 4302 ad
1238 4233 1665 4302 sententiam
1718 4230 2268 4299 conditionalem
2317 4234 2365 4293 εἴ
2405 4253 2476 4315 με
2523 4237 2690 4318 χρείη
2738 4236 2808 4296 et

455 4374 532 4431 ἄν
597 4366 787 4454 quod
851 4366 1160 4455 pertinet
1224 4366 1308 4432 ad
1377 4365 1720 4433 omissum
1771 4364 2165 4453 optativum
2215 4363 2482 4448 ἐθέλοιμι,
2546 4364 2668 4451 qui
2716 4362 2806 4429 ad

462 4499 813 4568 vocabula
881 4504 992 4588 ἐγὼ
1060 4504 1161 4585 μὲν
1224 4499 1294 4562 ἂν
1358 4518 1395 4566 e
1466 4497 1824 4587 prioribus
1888 4495 2252 4564 vocabulis
2317 4494 2535 4560 ἐθέλοιτ’
2597 4497 2667 4559 ἂν
2714 4493 2807 4558 οὖν

458 4639 701 4701 mente
748 4631 1178 4720 repetendus
1226 4636 1355 4699 est.
