3484 5609
1784 597 1875 665 26

1128 789 1294 863 δίκην
1337 798 1657 885 ἀποφυγών·
1705 797 1734 857 5
1780 789 1837 858 δ’
1883 811 1944 856 ἂν
1987 792 2353 884 ἐκαλλιερεῖτο
2403 818 2515 876 τις,

1130 931 1281 1013 κοὶμέ
1324 928 1384 1017 y’
1429 927 1613 992 ἐκάλει
1657 934 1751 992 τὸν
1798 932 1964 1019 ἱερέα·

660 1155 721 1204 ἂν
769 1189 784 1205 .
836 1189 851 1205 .
899 1189 914 1205 .
1039 1141 1200 1204 ἔθυσε
1269 1148 1340 1207 et
1405 1159 1466 1204 ἂν
1533 1140 1907 1231 ἐκαλλιερεῖτο
1976 1148 2291 1230 tempore
2367 1142 2719 1229 praesenti
2793 1148 2982 1211 esset

662 1276 733 1336 ἄν
782 1326 796 1341 .
848 1323 864 1338 .
914 1324 928 1337 .
980 1324 995 1338 .
1063 1275 1240 1337 Θύσειε
1307 1280 1377 1342 et
1442 1290 1504 1337 ἀν
1570 1272 1948 1365 καλλιεροῖτο,
2020 1274 2143 1343 sed
2215 1280 2503 1363 propter
2548 1276 2975 1344 sententiam

661 1408 1119 1497 temporalem
1184 1410 1543 1496 praeteriti
1606 1410 1942 1497 temporis
2002 1411 2079 1473 ὅτ’
2137 1409 2288 1495 εἶχον
2348 1375 2507 1472 οὐδέν
2576 1410 2793 1477 etiam
2848 1430 2975 1499 pro

662 1549 804 1631 opt.
853 1549 994 1631 pot.
1043 1549 1262 1630 praet.
1313 1563 1477 1610 cum
1523 1545 1593 1606 ἄν
1640 1542 2039 1611 adhibitum
2092 1549 2220 1612 est.

750 1675 1277 1764 Nonnunquam
1347 1677 1699 1744 sententia
1770 1676 2261 1744 conditionalis
2346 1676 2650 1760 indicat,
2736 1682 2976 1745 utrum

661 1817 879 1901 praet.
967 1831 1128 1879 cum
1211 1814 1282 1874 ἄν
1366 1812 1460 1879 sit
1529 1818 1749 1899 praet.
1822 1811 2262 1899 repetitionis
2335 1829 2423 1878 an
2496 1816 2715 1898 praet.
2795 1809 2986 1879 modi

661 1944 1086 2032 potentialis
1182 1943 1282 2012 Cf.
1333 1944 1508 2033 qu.
1553 1942 1772 2012 1350:

1081 2193 1177 2247 καὶ
1219 2190 1290 2252 νὴ
1335 2182 1425 2247 Δί’
1473 2188 1521 2247 εἷ
1561 2207 1627 2273 γε
1672 2179 1775 2247 δύο
1819 2181 2068 2272 λεγοίτην
2112 2185 2310 2275 ῥήτορε
2339 2234 2354 2265 ,

1080 2322 1107 2382 5
1151 2323 1254 2405 μὲν
1297 2320 1568 2382 ποιεῖσθαι
1612 2325 1748 2391 ναῦς
1793 2324 2021 2409 μακράς
2040 2368 2056 2399 ,
2103 2321 2131 2380 5
2169 2313 2227 2380 δ’
2275 2320 2457 2409 ἕτερος
2502 2316 2577 2381 αὖ

1082 2454 1644 2542 καταμισθοφορῆσαι
1687 2452 1854 2531 τοῦθ’,
1902 2454 1931 2513 5
1975 2457 2068 2516 τὸν
2111 2453 2305 2538 μισθὸν
2352 2450 2532 2541 λέγων

1083 2595 1176 2651 τὸν
1222 2594 1326 2660 τοὶς
1371 2593 1604 2676 τριήρεις
1650 2580 2050 2675 παραδραμὼν
2091 2601 2154 2647 ἂν
2198 2586 2403 2671 ᾤχετο.

747 2815 886 2892 Qui
948 2838 1191 2885 versus
1253 2818 1386 2884 hoc
1442 2816 1649 2885 modo
1697 2818 1877 2886 verti
1922 2818 2799 2907 possunt-,quotiescunque
2855 2818 2984 2886 duo

657 2961 938 3036 oratores
996 2952 1414 3040 loquebantur
1476 3001 1491 3016 .
1543 3001 1558 3017 .
1609 3005 1623 3019 .
1676 3004 1690 3019 .
1751 2954 1915 3019 alter
1932 3002 1948 3031 ‚
2011 2953 2125 3040 qui
2182 2973 2381 3019 naves
2424 2952 2647 3040 lonqas
2690 2954 2978 3020 construi

656 3086 940 3171 iubebat,
987 3087 1265 3153 atterum
1308 3105 1618 3173 superare
1662 3085 1914 3152 solebat.
1965 3084 2197 3152 Etiam
2259 3085 2394 3153 hoc
2433 3085 2681 3153 modo:
2747 3088 2807 3152 si
2853 3087 2982 3153 duo

656 3229 937 3288 oratores
994 3221 1403 3309 loquerentur
1450 3268 1464 3282 .
1516 3272 1528 3285 .
1582 3267 1597 3283 .
1647 3268 1663 3283 .
1708 3219 1873 3286 alter
1889 3272 1905 3299 ‚
1976 3219 2089 3307 qui
2148 3240 2347 3287 naves
2397 3220 2620 3308 lonqas
2686 3221 2976 3287 construi

655 3355 894 3423 inheret
913 3406 930 3436 ,
977 3361 1309 3442 superaret
1358 3353 1657 3420 alteram.

747 3487 879 3556 Hic
946 3493 1183 3555 autem
1252 3486 1478 3573 prima
1543 3486 2036 3573 interpretatio
2108 3485 2565 3573 praeferenda
2612 3493 2720 3555 est
2764 3506 2977 3575 prop-

657 3629 766 3691 ter
804 3621 1197 3709 optativum
1260 3620 1652 3687 sententiae
1712 3618 2241 3706 conditionaliS,
2292 3619 2379 3686 de
2425 3640 2567 3709 quo
2613 3619 2750 3687 vid.
2801 3619 2982 3707 Cap.

657 3755 719 3823 II
770 3753 807 3843 ἓ
850 3755 915 3822 2.
998 3789 1005 3799 ·

746 3888 903 3976 Lys.
973 3886 1107 3955 510
1174 3907 1366 3976 seqq.
1417 3887 1810 3973 Lysistrata
1856 3891 2099 3953 narrat
2146 3886 2443 3954 feminas
2493 3886 2754 3955 auditis
2805 3888 2975 3955 viris

656 4019 1191 4090 consulentibus
1254 4019 1340 4087 de
1403 4017 1768 4106 republica
1838 4039 1919 4086 ex
1969 4020 2054 4087 iis
2103 4039 2444 4107 quaerere
2497 4020 2742 4088 solitas
2788 4040 2981 4105 esse,

656 4154 827 4243 quid
873 4154 947 4221 in
997 4154 1333 4222 concione
1382 4152 1747 4220 decretum
1796 4162 1983 4222 esset
2030 4174 2129 4221 vs.
2177 4153 2352 4222 513:

830 4400 882 4459 τί
925 4389 1299 4477 βεβούλευται
1341 4400 1469 4483 περὶ
1512 4402 1626 4457 τῶν
1670 4387 1933 4457 σπονδῶν
1978 4399 2036 4458 ἐν
2080 4405 2154 4483 τῇ
2199 4394 2387 4482 στήλῃ
2433 4394 2815 4485 παραγράψαι

833 4530 888 4590 ἐν
934 4535 1012 4613 τῷ
1048 4522 1217 4614 δήμῳ
1254 4532 1492 4619 τήμερον
1538 4532 1701 4611 ὐμῑν;
1749 4532 1800 4590 τί
1847 4521 1911 4590 δέ
1956 4552 2043 4592 σοι
2086 4529 2274 4613 τοῦτ’;
2322 4527 2361 4596 ἦ
2406 4521 2464 4589 δ’
2512 4529 2568 4602 ὃς
2614 4545 2676 4591 ἂν
2722 4531 2889 4617 ἅνηρ.

833 4663 894 4722 οὐ
943 4666 1193 4750 acy-hom
1242 4667 1404 4751 κοὶγὼ
1455 4658 1670 4751 ’στέγων
