3484 5609
1652 550 1733 619 81

525 750 697 817 here
756 747 1069 817 vidimus
1130 766 1422 836 prorsus
1485 765 1628 814 non
1681 745 2203 814 intendendum
2250 751 2395 833 est,
2445 744 2870 835 particulam
2955 833 2960 839 ,

527 897 590 943 ἄν
660 898 803 947 non
873 879 946 946 id
1011 879 1215 967 sequi
1273 882 1590 966 oportet,
1657 876 1784 945 sed
1847 876 2143 945 verbum
2193 878 2470 966 potiuS‚
2517 897 2734 966 quam
2781 876 2872 945 ob

527 1032 677 1081 rem
724 1011 1083 1080 assentior
1128 1008 1466 1080 Elmsleio
1513 998 1784 1077 Eccl'eS.
1834 1029 1936 1078 vs,
1982 1008 2155 1078 218:

1591 1146 1630 1211 ἦ
1676 1136 1734 1205 δ’
1787 1142 2104 1211 Ἀθηναίων
2148 1140 2304 1217 πόλις

998 1282 1043 1338 εἰ
1079 1282 1241 1339 τοῦτο
1284 1283 1559 1363 χρηστῶς
1605 1273 1758 1360 εἶχεν
1775 1324 1792 1354 ,
1837 1278 1942 1337 οὐκ
1985 1290 2047 1338 ἀν
2092 1278 2333 1349 ἐσώζετο
2354 1328 2372 1361 ,

997 1414 1043 1470 εἰ
1084 1412 1170 1494 μή
1213 1429 1268 1471 τι
1310 1411 1500 1471 καινὸν
1546 1395 1679 1470 ἄλλο
1725 1410 2176 1496 περιειργάζετο;

527 1557 658 1628 pro
718 1536 1067 1606 librorum
1113 1545 1187 1607 et
1232 1536 1496 1607 Suidae
1544 1538 1904 1626 scriptura
1950 1543 2050 1601 οὐκ
2096 1556 2159 1601 ἀν
2204 1542 2442 1613 ἐσώζετο
2493 1541 2874 1609 conicienti

527 1676 628 1735 οὐκ
697 1670 930 1745 ἐσώζετ’
999 1688 1100 1752 ow,
1164 1671 1334 1759 qnia
1380 1668 1729 1739 vocabula
1788 1674 1890 1734 οὐκ
1949 1686 2010 1734 ἂν
2056 1675 2338 1757 ἐσώζετο,
2397 1692 2619 1761 quum
2668 1675 2873 1741 voca-

530 1802 779 1874 bulum
838 1808 977 1884 οὐκ,
1038 1801 1389 1891 particula
1436 1817 1500 1866 ἄν
1545 1802 1680 1870 hoc
1732 1803 1942 1871 modo
1990 1802 2374 1890 collocata,
2422 1805 2873 1891 intendatur,

530 1934 1048 2025 significarent:
1120 1954 1283 2002 num
1345 1934 1611 2023 perdita
1681 1937 1890 2004 esset?
1965 1935 2136 2005 dum
2207 1938 2561 2006 sententia
2609 1939 2874 2026 poscit:

524 2088 739 2136 nonne
791 2067 1002 2135 salva·
1038 2074 1199 2134 esset
1224 2067 1256 2133 P
1320 2066 1513 2155 quod
1561 2069 1730 2156 quia
1778 2068 1911 2137 hac
1958 2068 2478 2158 significatione
2526 2069 2876 2158 particula

530 2203 933 2293 negationis
980 2221 1125 2270 non
1172 2200 1609 2270 intendenda
1657 2208 1804 2288 est,
1854 2221 2106 2292 graece
2153 2204 2334 2271 verti
2380 2209 2661 2291 oportet
2707 2223 2876 2271 con·

529 2336 926 2405 structione
992 2340 1095 2398 οὐκ
1165 2333 1394 2408 ἑσώζετ’
1458 2353 1541 2403 ἄν.
1592 2334 1829 2412 Quare
1876 2341 2117 2404 autem
2166 2335 2619 2404 Hermannus
2660 2337 2876 2404 scribi

529 2467 735 2538 velit:

1069 2581 1114 2636 εἰ
1159 2580 1319 2638 τοῦτο
1362 2583 1639 2663 χρηστῶς
1689 2573 1802 2660 εἶχ’
1850 2589 1913 2636 ἂν
1958 2576 2060 2638 οὐκ
2105 2577 2346 2648 ἐὰώζετο

530 2753 674 2802 non
724 2732 998 2822 optime
1043 2730 1381 2822 intellego
1403 2785 1420 2819 ,
1465 2752 1701 2822 neque
1749 2733 1956 2802 enim,
1981 2732 2157 2801 haec
2183 2733 2477 2821 scriptio
2502 2734 2876 2803 universae

532 2867 821 2956 regulae
871 2865 1224 2954 congruit.
1287 2865 1446 2933 Vid.
1496 2866 1735 2934 Herm.
1788 2864 1942 2934 Lib.
1988 2865 2120 2950 IV,
2169 2864 2336 2954 Cap.
2386 2864 2464 2952 7,
2514 2885 2670 2956 pag.
2729 2866 2873 2936 196.

625 2998 756 3068 Ubi
804 3018 887 3067 ea
934 3015 1120 3087 quae
1166 3017 1294 3086 per
1342 3018 1419 3067 se
1464 2999 1658 3087 ipsa,
1707 2999 1875 3087 quia
1921 2997 2346 3087 plerumque
2369 2999 2875 3086 intenduntur,

530 3132 743 3221 vulgo
812 3149 875 3195 ow
943 3130 1319 3200 attrahunt
1387 3129 1733 3199 vocabula
1799 3150 1943 3198 non
2011 3131 2087 3198 in
2157 3131 2514 3199 sententia
2574 3101 2873 3218 adsunt,

531 3284 762 3354 neque
828 3263 1005 3332 haec
1059 3264 1413 3353 particula
1460 3264 1780 3353 proxime
1828 3263 2155 3352 sequitur
2202 3261 2498 3332 verbum
2545 3264 2636 3332 ad
2684 3264 2876 3353 quod

530 3398 870 3487 pertinet,
937 3397 1264 3485 sequitur
1308 3397 1485 3465 haec
1533 3396 1959 3486 plerumque
2006 3394 2434 3464 vocabulum
2483 3398 2672 3486 quod
2724 3419 2871 3466 ma-

529 3531 714 3599 xime
760 3528 1178 3598 intenditur.
1229 3529 1305 3598 E.
1358 3550 1424 3620 g.

618 3663 795 3731 Ran.
845 3682 946 3731 vs,
993 3661 1170 3731 948:

829 3795 997 3860 ἔπειτ’
1044 3802 1159 3860 ἀπὸ
1203 3806 1313 3862 τῶν
1357 3766 1599 3890 πρώτων
1645 3798 1796 3859 ἐπῶν
1843 3790 2004 3859 οὐδὲν
2049 3794 2270 3885 παρῆκ’
2315 3809 2378 3857 ἄν
2422 3800 2627 3885 ἀργόν,

828 3926 962 3991 ἀλλ’
1008 3926 1198 4018 ἔλεγεν
1243 3933 1282 3998 ἡ
1328 3934 1477 4018 γυνή
1522 3931 1584 3993 τὲ
1630 3952 1723 4014 μοι
1769 3933 1861 4012 χώ
1907 3922 2106 4002 δοῦλος
2156 3922 2319 3991 οὐδὲν
2365 3929 2533 3997 ἦττον

755 4035 763 4043 ’
828 4067 921 4148 χώ
966 4056 1251 4137 δεσπότης
1292 4068 1379 4148 χὴ
1424 4061 1700 4150 παρθένος
1747 4068 1832 4144 χή
1879 4068 2059 4151 γραῦς
2106 4079 2187 4128 ἄν.

529 4197 576 4262 i.
623 4214 681 4263 e.
729 4194 882 4282 zelfa
926 4193 1033 4262 het
1075 4194 1260 4283 besje.
1791 4190 1814 4200 ‘

619 4327 832 4416 Vesp.
903 4347 1005 4396 VS.
1072 4325 1239 4395 709:

632 4521 636 4524 Α
765 4455 867 4524 δύο
931 4455 1165 4550 μυριάδ’
1206 4451 1296 4523 ’ἂν
1362 4469 1472 4523 τῶν
1532 4454 1854 4545 δημοτικῶν
1899 4459 2037 4533 ἔζων
2083 4463 2139 4522 ἐν
2185 4468 2331 4522 πᾶσι
2377 4456 2640 4548 λαγῴοις.

529 4595 574 4661 i.
624 4613 682 4662 e.
729 4594 850 4661 wel
891 4594 1137 4682 twc'ntiq
1180 4592 1481 4661 duizend.

2586 4703 2636 4747 ll
