3484 5609
1648 566 1738 635 87

516 763 831 852 possint,
879 782 964 832 ac
1010 763 1072 831 si
1127 763 1520 853 legeretur:
1572 766 1832 854 ὁπότερος
1877 778 1941 826 ἂν
1987 774 2141 855 σφῷν
2188 762 2250 828 εὖ
2289 789 2360 852 με
2392 762 2614 852 μᾶλλον
2637 774 2768 854 ποιῇ
2791 767 2863 828 ἂν

517 907 684 984 ποιῇ,
731 894 1196 985 quamobrem
1239 897 1693 966 Her-mannus
1742 896 2146 986 exemplum
2194 899 2549 987 quaesivit
2589 918 2628 966 e
2667 897 2864 966 Thu·

521 1028 771 1117 cydide
813 1029 962 1097 Lib.
992 1029 1117 1097 VII
1143 1028 1308 1119 Cap.
1337 1028 1378 1095 7
1397 1083 1413 1115 ,
1452 1031 1658 1099 cuius
1684 1030 1969 1100 dicendi
1995 1051 2216 1121 genus
2242 1032 2508 1101 scimus
2536 1050 2748 1120 saepe
2773 1030 2863 1099 ob

520 1161 814 1230 nimiam
855 1161 1276 1231 brevitatem
1326 1163 1714 1233 obscurum
1763 1183 1956 1250 esse,
2007 1185 2240 1254 neque
2287 1165 2420 1233 hac
2459 1165 2535 1232 in
2576 1184 2654 1232 re
2703 1184 2867 1233 cum

518 1292 1020 1383 Aristophanis
1069 1294 1352 1364 dicendi
1399 1316 1659 1385 genere
1706 1297 2110 1365 convenire.
2161 1297 2538 1366 Praeterea
2585 1297 2646 1365 si
2688 1297 2866 1364 Her-

519 1426 764 1494 manni
811 1428 1221 1496 coniectura
1266 1426 1594 1518 exemplo
1619 1449 1658 1496 e
1686 1428 2103 1515 Thucydide
2148 1428 2364 1497 ducto
2393 1428 2677 1497 defendi
2703 1448 2866 1517 pos-

520 1565 667 1644 set,
709 1559 928 1628 Thuc.
972 1560 1123 1628 Lib.
1175 1560 1205 1628 I
1256 1559 1422 1650 Cap.
1470 1560 1568 1629 III
1606 1560 1651 1627 2
1691 1561 1867 1628 mihi
1893 1560 2176 1629 videtur
2201 1563 2439 1650 potius
2467 1580 2865 1629 memoran-

489 1692 692 1776 ‘dum
755 1691 1012 1776 fuisse;
1078 1711 1243 1761 nam
1307 1691 1509 1762 locus
1557 1713 1772 1782 quem
1822 1692 2275 1761 Her-mannus
2324 1700 2675 1762 memorat
2722 1713 2866 1761 non

517 1826 719 1896 omni
782 1826 1000 1895 dubio
1049 1828 1275 1895 maior
1323 1834 1467 1912 est,
1518 1847 1733 1915 quam
1784 1826 1873 1895 ob
1922 1847 2074 1895 rem
2122 1832 2307 1895 teste
2354 1827 2679 1915 Krugero
2726 1826 2770 1893 l.
2820 1826 2864 1893 l.

520 1959 946 2029 Schaeferus
985 1967 1067 2040 ,et
1113 1960 1471 2029 Beckerus
1523 1959 2072 2029 vocabulorum:
2122 1958 2394 2048 πρέσβεις
2442 1984 2501 2025 τε
2549 1957 2701 2023 ἄλλοι
2751 1970 2862 2024 τῶν

518 2092 892 2183 Συρακοσίων
938 2103 1035 2156 καὶ
1071 2093 1380 2184 Κορινθίων
1427 2099 1483 2168 ἐς
1538 2088 1962 2179 Λακεδαίμονα
1985 2097 2082 2156 καὶ
2105 2092 2378 2169 Κόρινθον
2402 2091 2824 2163 α’πεστοίλησοιν
2846 2145 2862 2175 ,

517 2227 666 2298 ὅπως
712 2232 959 2313 στρατιά
1003 2225 1081 2288 ἔτι
1125 2226 1413 2314 περαιωθῄ
1459 2228 1651 2314 τροπῳ
1696 2225 1743 2310 ᾧ
1789 2239 1851 2287 ἂν
1897 2228 1955 2287 ἐν
2001 2223 2241 2288 ὁλκάσιν
2279 2225 2317 2293 ἢ
2354 2226 2555 2299 πλοίοις
2597 2227 2635 2294 ἢ
2684 2223 2864 2300 ἄλλως

518 2359 667 2431 ὄπως
733 2374 793 2419 ἂν
860 2367 1175 2447 προχωρῇ,
1249 2377 1433 2446 quae
1499 2357 1955 2425 Hermannus
2019 2356 2401 2445 explanare
2449 2357 2601 2426 vult
2650 2357 2866 2427 verbo

516 2499 798 2580 προχωρῇ
843 2494 1007 2578 post
1050 2490 1096 2577 ᾧ
1143 2506 1204 2552 ἂν
1254 2489 1678 2578 repetendo,
1728 2489 2078 2558 vocabula
2125 2494 2182 2551 ἐν
2230 2488 2466 2553 ὀλκάσιν
2496 2543 2509 2557 .
2539 2542 2554 2557 .
2586 2543 2599 2557 .
2632 2493 2864 2567 ..ὄπως

517 2642 582 2686 ἀν
627 2623 835 2692 uncis
881 2620 1366 2710 incluserunt,
1414 2642 1599 2712 quae
1647 2643 1793 2691 non
1843 2623 2094 2692 dubito
2121 2624 2295 2712 quin
2321 2629 2446 2692 aut
2471 2625 2866 2713 posteriore

519 2774 730 2825 manu
794 2756 1195 2845 explicandi
1238 2774 1453 2825 causa
1502 2755 1805 2824 oriunda
1853 2757 2033 2842 sint,
2101 2764 2225 2825 aut
2273 2757 2334 2825 si
2380 2757 2534 2844 ipse
2583 2757 2863 2846 Thucy-

519 2889 721 2959 dides
782 2891 886 2958 sic
949 2890 1273 2979 scripsit,
1341 2895 1581 2958 tamen
1647 2890 1888 2977 potius
1955 2890 2020 2957 ei
2071 2890 2242 2958 vitio
2294 2889 2634 2958 vertenda
2682 2892 2862 2978 sint,

518 3023 686 3111 quia
755 3043 978 3112 quum
1043 3021 1133 3090 ab
1203 3021 1435 3090 omnis
1482 3028 1638 3090 turn
1685 3042 1728 3089 a
1776 3040 2072 3111 graecae
2120 3022 2406 3111 linguae
2453 3022 2697 3091 indole
2736 3022 2860 3091 ab·

516 3156 847 3241 horrent,
897 3174 1109 3245 quam
1157 3174 1407 3223 norma
1454 3153 1545 3222 ad
1594 3154 1774 3223 alios
1813 3160 2144 3223 auctores
2172 3154 2632 3244 corrigendos
2657 3154 2862 3223 adhi-

515 3289 770 3359 benda.
820 3288 1148 3357 Secundo
1197 3289 1381 3356 hanc
1430 3286 1521 3356 ob
1572 3307 1865 3357 causam
1913 3288 2089 3356 mihi
2138 3288 2531 3356 Hermanni
2579 3288 2859 3356 coniec-

517 3430 679 3494 tura
714 3421 1081 3511 displicet,
1132 3423 1298 3511 quia
1324 3442 1467 3490 non
1495 3423 1859 3491 contextui
1884 3423 2236 3511 congruit.
2284 3422 2426 3490 Fac
2451 3422 2860 3490 Hermanno

517 3574 662 3623 non
711 3575 892 3644 opus
934 3555 1154 3623 fuisse
1191 3553 1630 3642 Thucydidis
1656 3552 1850 3639 loco,
1910 3553 2020 3622 fac
2045 3553 2597 3643 Aristophanem
2620 3554 2860 3643 ipsum

517 3690 931 3778 praebuisse
999 3693 1168 3777 apta
1235 3687 1591 3776 exempla,
1665 3686 2062 3756 secundum
2127 3707 2310 3777 quae
2373 3685 2669 3756 verbum
2729 3696 2859 3774 ποιῇ

514 3828 676 3912 post
744 3819 963 3908 μᾶλλον
1032 3828 1271 3890 mente
1341 3821 1567 3910 repeti
1638 3826 1921 3908 posset,
1988 3841 2080 3888 ne
2134 3825 2290 3890 tum
2338 3818 2631 3909 quidem
2681 3818 2860 3887 Her·

514 3956 760 4025 manni
809 3954 1217 4022 coniectura
1264 3950 1658 4041 probabilis
1685 3958 1910 4040 esset,
1960 3953 2129 4040 quia
2156 3954 2421 4024 Demus
2448 3950 2857 4021 vocabulis:

514 4092 769 4153 α’νύσοιτὲ
829 4111 962 4173 νυν,
1033 4088 1060 4148 ὅ
1127 4110 1177 4150 τι
1244 4109 1349 4175 περ
1420 4091 1682 4154 ποιήσετε
1753 4084 2161 4154 adulatores
2230 4085 2658 4154 adhortatur
2680 4137 2698 4171 ‚
2779 4088 2862 4152 ut

518 4221 762 4290 statim
816 4219 1168 4309 promissa
1238 4217 1648 4308 perficiant,
1698 4237 1924 4306 quum
1970 4218 2034 4286 ei
2082 4219 2208 4307 qui
2256 4218 2522 4307 optime
2571 4217 2658 4285 de
2703 4216 2861 4304 ipso

516 4354 816 4422 meritus
849 4352 1065 4421 fuerit
1088 4352 1467 4440 imperium
1496 4350 2008 4419 commissurus
2035 4350 2146 4419 sit.
2196 4350 2442 4419 Lectio
2469 4350 2861 4418 Hermanni

516 4493 791 4575 autem,
865 4488 926 4555 si
973 4485 1314 4575 explicari
1361 4489 1644 4573 posset,
1692 4503 1838 4552 non
1889 4502 2177 4553 causam
2225 4482 2547 4569 afferret,
2595 4501 2737 4571 qua
2784 4502 2861 4550 re

518 4620 971 4690 festinatione
1017 4638 1199 4708 opus
1246 4625 1474 4701 esset,
1539 4617 1665 4687 sed
1715 4636 1858 4706 qua
1905 4637 1982 4685 re
2027 4615 2374 4686 iudicium
2418 4620 2608 4684 esset
2658 4612 2858 4720 diffe-
