3484 5609
1589 611 1678 677 65

555 802 690 870 Ubi
751 811 849 866 καί
914 803 1323 893 significans
1387 806 1487 871 vel
1551 807 1861 893 pertinet
1924 805 2011 872 ad
2060 804 2406 895 τριώβολον,
2464 811 2534 871 ἄν
2585 811 2804 896 perti-

456 942 586 1003 net
633 936 723 1002 ad
770 938 1164 1024 optativum
1216 937 1698 1025 potentialem.

554 1069 712 1156 Lys.
764 1089 864 1136 vs.
913 1069 1124 1137 1025:

870 1267 958 1326 κεῖ
998 1288 1069 1349 με
1115 1270 1199 1350 μὴ
1249 1262 1491 1346 ’λὺπεις,
1540 1269 1652 1354 ἐγὼ
1699 1272 1806 1327 σοῦ
1852 1266 1964 1327 κᾶν
2009 1261 2138 1329 τόδε
2184 1272 2245 1329 τὸ
2295 1269 2477 1356 Θηρίον

779 1398 938 1459 τούπὶ
984 1395 1304 1484 τώφθαλμῷ
1350 1392 1592 1479 λαβοῦσ’
1637 1394 1837 1470 ἐξεῖλον
1884 1399 1954 1458 ἄν
1976 1447 1991 1475 ,
2042 1400 2069 1460 ὃ
2109 1405 2206 1461 νῦν
2256 1398 2351 1465 ἔνι.

550 1588 685 1657 Ubi
748 1597 844 1653 καί
908 1587 1262 1677 significat
1316 1592 1415 1656 vel
1464 1596 1535 1657 et
1582 1587 1897 1679 pertinet
1944 1593 2031 1658 ad
2084 1591 2381 1660 verbum
2428 1589 2663 1679 ἐξεῖλον,
2711 1594 2802 1662 ad

455 1720 652 1808 quod
700 1731 922 1809 praet.
970 1721 1044 1787 in
1096 1741 1171 1788 re
1218 1741 1361 1788 non
1412 1721 1598 1789 facta
1645 1724 1860 1790 etiam
1908 1725 1979 1785 ἄν
2019 1725 2366 1810 pertinet,
2417 1725 2586 1793 dum
2612 1727 2802 1813 apud

453 1854 695 1939 ipsum
767 1852 1065 1920 verbum
1137 1855 1504 1941 repetitur.
1580 1854 1766 1939 (Vid.
1835 1854 2000 1943 Cap.
2045 1855 2136 1922 IV
2184 1861 2224 1936 ,ξ
2271 1854 2333 1922 2.
2401 1857 2503 1924 De
2551 1858 2804 1925 vocula

452 1992 537 2046 κεί
586 2003 710 2073 pro
758 1987 866 2047 κᾶν
913 1984 1068 2052 Vid.
1121 1983 1284 2072 Cap.
1339 1983 1401 2052 II
1451 1984 1486 2071 ὅ
1534 1985 1613 2071 5,
1662 1984 1797 2074 10).

550 2115 727 2184 Cum
775 2116 1133 2209 Infinitive
1181 2117 1563 2187 adhibetur
1606 2120 1717 2181 κᾶν
1768 2118 1927 2206 Lys.
1980 2140 2079 2187 vs.
2128 2118 2295 2188 132:

952 2312 1173 2401 ἔφησθα
1220 2323 1442 2386 σαυτῆς
1489 2313 1598 2375 κᾶν
1644 2315 1992 2403 παρατεμεῖν
2047 2315 2282 2400 Θῆμισυ.

546 2505 681 2573 Ubi
742 2513 840 2568 καί
897 2504 1251 2594 significat
1320 2507 1417 2572 vel
1480 2507 1845 2595 pertinens
1912 2508 2003 2574 ἃᾶ
2065 2509 2276 2594 Θῆμισυ
2335 2516 2405 2576 et
2461 2512 2534 2572 ἄν
2582 2512 2800 2597 perti-

455 2646 582 2705 net
627 2640 717 2706 ad
763 2639 888 2707 inf.
941 2639 1130 2727 (vid.
1183 2638 1350 2727 Cap.
1399 2639 1448 2707 I.
1500 2639 1642 2728 D.).

547 2771 809 2839 Eadem
856 2773 1038 2840 ratio
1086 2779 1194 2840 est
1245 2772 1535 2841 voculae
1582 2776 1692 2837 κᾶν
1741 2774 1868 2862 Eq.
1917 2795 2020 2842 vs.
2067 2775 2235 2844 621:

1197 2975 1272 3044 ὡς
1318 2976 1430 3060 ἐγώ
1475 2995 1568 3057 μοι
1611 2966 1765 3036 δοκῶ

1199 3105 1310 3167 κᾶν
1355 3113 1587 3194 μακράν
1631 3101 1760 3170 ὁδὸν
1807 3100 2033 3170 διελθεῖν

1198 3238 1341 3301 ὥστ’
1389 3244 1652 3302 οἰκοῦσαι.

544 3452 679 3519 Ubi
741 3459 836 3515 καί
901 3472 1064 3519 cum
1129 3449 1647 3539 significatione
1704 3454 1802 3520 vel
1847 3454 2156 3541 pertinet
2218 3453 2306 3520 ad
2355 3462 2586 3544 μακράν
2633 3450 2798 3536 ὁδόν,

454 3585 625 3653 dum
672 3588 744 3647 ἅν
792 3585 1104 3672 pertinet
1151 3584 1241 3651 ad
1289 3585 1410 3651 inf.
1462 3581 1712 3652 διελθεῖν.
1766 3585 1866 3652 Cf.
1918 3586 2101 3654 Nub.
2155 3607 2251 3654 vs.
2303 3587 2515 3655 1129:

1195 3777 1339 3843 ὥστ’
1386 3782 1523 3853 ἴσως
1567 3777 1921 3864 βουλήσεται

770 3913 881 3975 κᾶν
927 3917 982 3975 ἐν
1028 3914 1300 4000 Αἰγύπτῳ
1344 3926 1537 3997 τυχεῖν
1584 3914 1656 3975 ἄν
1702 3911 1924 3999 μᾶλλον
1971 3914 2008 3980 ἢ
2055 3923 2241 4003 κρῖναι
2287 3924 2498 3993 κακῶς,

540 4116 676 4184 Ubi
723 4124 821 4180 καί
868 4135 1152 4203 quoque
1204 4114 1559 4204 significat
1609 4116 1702 4183 vel
1749 4122 1821 4183 et
1867 4118 2178 4204 pertinet
2223 4117 2313 4183 ad
2359 4118 2700 4186 vocabula
2741 4123 2796 4181 ἐν

449 4251 760 4339 Αἰγύπτῳ,
808 4251 881 4310 ἄν
928 4254 1167 4315 autem
1216 4248 1304 4314 ad
1353 4248 1475 4315 inf.
1525 4260 1751 4333 τυχεῖν,
1801 4248 1971 4316 dum
2022 4249 2211 4336 apud
2235 4250 2472 4337 ipsum
2501 4251 2795 4319 verbum
2855 4267 2857 4269 ’

446 4383 829 4469 repetitur,
897 4381 957 4448 si
1022 4381 1309 4467 quidem
1374 4382 1786 4449 coniectura
1853 4381 2101 4448 Koekii
2165 4382 2603 4450 admittenda
2653 4393 2797 4468 est,

447 4515 573 4602 qui
623 4513 787 4580 Mss.
838 4512 1216 4580 lectionem
1263 4515 1338 4575 ὧν
1386 4514 1608 4580 reicit.
1659 4512 1815 4580 Vid.
1865 4512 2030 4601 Cap.
2084 4513 2261 4620 IV.§
2307 4514 2368 4581 2.

537 4647 787 4733 Itaque
853 4644 1204 4733 Seagerus
1266 4644 1392 4712 Av.
1454 4666 1553 4712 vs.
1617 4645 1743 4712 671
1813 4655 1908 4708 καὶ
1968 4645 2205 4735 φιλῆσαι
2266 4648 2337 4715 in
2404 4649 2516 4710 κᾶν
2563 4646 2801 4737 φιλῆσαι

2542 4760 2569 4803 9
