<?xml version="1.0" encoding="UTF-8"?>
<!DOCTYPE html PUBLIC "-//W3C//DTD XHTML 1.0 Transitional//EN"
    "http://www.w3.org/TR/xhtml1/DTD/xhtml1-transitional.dtd">
<html xmlns="http://www.w3.org/1999/xhtml" xml:lang="en" lang="en">
 <head>
  <title>
</title>
<meta http-equiv="Content-Type" content="text/html;charset=utf-8" />
  <meta name='ocr-system' content='tesseract 3.04.00' />
  <meta name='ocr-capabilities' content='ocr_page ocr_carea ocr_par ocr_line ocrx_word'/>
</head>
<body>
  <div class='ocr_page' id='page_1' title='image "./deusuparticulae00unkngoog_0060.png"; bbox 0 0 3484 5609; ppageno 0'>
   <div class='ocr_carea' id='block_1_1' title="bbox 16 5191 487 5604">
    <p class='ocr_par' dir='ltr' id='par_1_1' title="bbox 16 5191 487 5604">
     <span class='ocr_line' id='line_1_1' title="bbox 16 5191 487 5604; baseline 0 5"><span class='ocrx_word' id='word_1_1' title='bbox 16 5191 487 5604; x_wconf 95' lang='lat' dir='ltr'> </span> 
     </span>
    </p>
   </div>
   <div class='ocr_carea' id='block_1_2' title="bbox 1774 562 1865 630">
    <p class='ocr_par' dir='ltr' id='par_1_2' title="bbox 1774 562 1865 630">
     <span class='ocr_line' id='line_1_2' title="bbox 1774 562 1865 630; baseline 0 0"><span class='ocrx_word' id='word_1_2' title='bbox 1774 562 1865 630; x_wconf 88' lang='lat'>50</span> 
     </span>
    </p>
   </div>
   <div class='ocr_carea' id='block_1_3' title="bbox 656 755 2983 1117">
    <p class='ocr_par' dir='ltr' id='par_1_3' title="bbox 656 755 2983 1117">
     <span class='ocr_line' id='line_1_3' title="bbox 658 755 2979 848; baseline 0.002 -23"><span class='ocrx_word' id='word_1_3' title='bbox 658 755 1004 846; x_wconf 82' lang='lat' dir='ltr'><strong>quaedam</strong></span> <span class='ocrx_word' id='word_1_4' title='bbox 1065 756 1261 824; x_wconf 88' lang='lat' dir='ltr'>notio</span> <span class='ocrx_word' id='word_1_5' title='bbox 1323 757 1687 845; x_wconf 84' lang='lat' dir='ltr'>praeteriti</span> <span class='ocrx_word' id='word_1_6' title='bbox 1750 758 2125 846; x_wconf 74' lang='lat' dir='ltr'>temporiS‚</span> <span class='ocrx_word' id='word_1_7' title='bbox 2197 779 2339 848; x_wconf 88' lang='lat' dir='ltr'>quo</span> <span class='ocrx_word' id='word_1_8' title='bbox 2396 758 2751 846; x_wconf 83' lang='lat' dir='ltr'>Dionysus</span> <span class='ocrx_word' id='word_1_9' title='bbox 2798 779 2979 829; x_wconf 90' lang='lat' dir='ltr'>onus</span> 
     </span>
     <span class='ocr_line' id='line_1_4' title="bbox 657 889 2983 981; baseline 0.002 -23"><span class='ocrx_word' id='word_1_10' title='bbox 657 890 970 978; x_wconf 84' lang='lat' dir='ltr'>suscepit</span> <span class='ocrx_word' id='word_1_11' title='bbox 1037 890 1128 958; x_wconf 85' lang='lat' dir='ltr'>ad</span> <span class='ocrx_word' id='word_1_12' title='bbox 1197 910 1359 958; x_wconf 87' lang='lat' dir='ltr'>eum</span> <span class='ocrx_word' id='word_1_13' title='bbox 1428 889 1677 976; x_wconf 89' lang='lat' dir='ltr'>finem,</span> <span class='ocrx_word' id='word_1_14' title='bbox 1749 910 1840 959; x_wconf 93' lang='lat' dir='ltr'>ne</span> <span class='ocrx_word' id='word_1_15' title='bbox 1906 891 2255 961; x_wconf 86' lang='lat' dir='ltr'>Xanthias</span> <span class='ocrx_word' id='word_1_16' title='bbox 2305 900 2754 981; x_wconf 80' lang='lat' dir='ltr'>gravaretur,</span> <span class='ocrx_word' id='word_1_17' title='bbox 2806 913 2983 963; x_wconf 93' lang='lat' dir='ltr'>neve</span> 
     </span>
     <span class='ocr_line' id='line_1_5' title="bbox 656 1022 2980 1117; baseline 0.001 -25"><span class='ocrx_word' id='word_1_18' title='bbox 656 1044 835 1093; x_wconf 86' lang='lat' dir='ltr'>onus</span> <span class='ocrx_word' id='word_1_19' title='bbox 882 1024 1117 1092; x_wconf 87' lang='lat' dir='ltr'>ferret.</span> <span class='ocrx_word' id='word_1_20' title='bbox 1166 1022 1267 1092; x_wconf 84' lang='lat' dir='ltr'>Cf.</span> <span class='ocrx_word' id='word_1_21' title='bbox 1317 1024 1522 1113; x_wconf 90' lang='lat' dir='ltr'>Vesp.</span> <span class='ocrx_word' id='word_1_22' title='bbox 1573 1022 1864 1111; x_wconf 64' lang='lat' dir='ltr'>vsA‘lO,</span> <span class='ocrx_word' id='word_1_23' title='bbox 1913 1024 2037 1094; x_wconf 90' lang='lat' dir='ltr'>ubi</span> <span class='ocrx_word' id='word_1_24' title='bbox 2063 1025 2277 1094; x_wconf 86' lang='lat' dir='ltr'>verba</span> <span class='ocrx_word' id='word_1_25' title='bbox 2304 1032 2367 1090; x_wconf 81' lang='grc' dir='ltr'>ἵν’</span> <span class='ocrx_word' id='word_1_26' title='bbox 2412 1028 2595 1114; x_wconf 71' lang='grc' dir='ltr'><em>ἔχοιει</em></span> <span class='ocrx_word' id='word_1_27' title='bbox 2621 1031 2980 1117; x_wconf 79' lang='lat' dir='ltr'>praesenti</span> 
     </span>
    </p>
   </div>
   <div class='ocr_carea' id='block_1_4' title="bbox 656 1156 1384 1361">
    <p class='ocr_par' dir='ltr' id='par_1_4' title="bbox 656 1156 1384 1361">
     <span class='ocr_line' id='line_1_6' title="bbox 656 1156 1214 1249; baseline 0.002 -26"><span class='ocrx_word' id='word_1_28' title='bbox 656 1162 837 1249; x_wconf 76' lang='grc' dir='ltr'>τρέφει</span> <span class='ocrx_word' id='word_1_29' title='bbox 882 1156 1214 1247; x_wconf 87' lang='lat' dir='ltr'>pendent.</span> 
     </span>
     <span class='ocr_line' id='line_1_7' title="bbox 745 1291 1384 1361; baseline 0 -1"><span class='ocrx_word' id='word_1_30' title='bbox 745 1291 845 1361; x_wconf 89' lang='lat' dir='ltr'>Cf.</span> <span class='ocrx_word' id='word_1_31' title='bbox 893 1291 1020 1360; x_wconf 89' lang='lat' dir='ltr'>Av.</span> <span class='ocrx_word' id='word_1_32' title='bbox 1070 1312 1172 1359; x_wconf 89' lang='lat' dir='ltr'>vs.</span> <span class='ocrx_word' id='word_1_33' title='bbox 1216 1291 1384 1360; x_wconf 82' lang='lat'>120:</span> 
     </span>
    </p>
   </div>
   <div class='ocr_carea' id='block_1_5' title="bbox 1071 1536 2554 1634">
    <p class='ocr_par' dir='ltr' id='par_1_5' title="bbox 1071 1536 2554 1634">
     <span class='ocr_line' id='line_1_8' title="bbox 1071 1536 2554 1634; baseline -0.001 -26"><span class='ocrx_word' id='word_1_34' title='bbox 1071 1544 1234 1608; x_wconf 83' lang='grc' dir='ltr'><em>ταῦτ’</em></span> <span class='ocrx_word' id='word_1_35' title='bbox 1280 1540 1376 1607; x_wconf 80' lang='grc' dir='ltr'>οὖν</span> <span class='ocrx_word' id='word_1_36' title='bbox 1419 1546 1596 1608; x_wconf 81' lang='grc' dir='ltr'><strong>ἱκέται</strong></span> <span class='ocrx_word' id='word_1_37' title='bbox 1638 1547 1717 1606; x_wconf 88' lang='grc' dir='ltr'><strong>νώ</strong></span> <span class='ocrx_word' id='word_1_38' title='bbox 1763 1549 1903 1631; x_wconf 83' lang='grc' dir='ltr'>πρὸς</span> <span class='ocrx_word' id='word_1_39' title='bbox 1949 1546 2017 1606; x_wconf 85' lang='grc' dir='ltr'>σὲ</span> <span class='ocrx_word' id='word_1_40' title='bbox 2061 1536 2217 1633; x_wconf 80' lang='grc' dir='ltr'>δεῦρ’</span> <span class='ocrx_word' id='word_1_41' title='bbox 2264 1543 2554 1634; x_wconf 74' lang='grc' dir='ltr'>ἀφίγμεθα</span> 
     </span>
    </p>
   </div>
   <div class='ocr_carea' id='block_1_6' title="bbox 1072 1676 2259 1767">
    <p class='ocr_par' dir='ltr' id='par_1_6' title="bbox 1072 1676 2259 1767">
     <span class='ocr_line' id='line_1_9' title="bbox 1072 1676 2259 1767; baseline -0.001 -27"><span class='ocrx_word' id='word_1_42' title='bbox 1072 1679 1122 1740; x_wconf 82' lang='grc' dir='ltr'>εἴ</span> <span class='ocrx_word' id='word_1_43' title='bbox 1162 1699 1288 1741; x_wconf 90' lang='grc' dir='ltr'><em>τινα</em></span> <span class='ocrx_word' id='word_1_44' title='bbox 1331 1676 1490 1740; x_wconf 86' lang='grc' dir='ltr'><em>πόλιν</em></span> <span class='ocrx_word' id='word_1_45' title='bbox 1536 1682 1810 1767; x_wconf 75' lang='grc' dir='ltr'>φράσειας</span> <span class='ocrx_word' id='word_1_46' title='bbox 1854 1680 1989 1763; x_wconf 80' lang='grc' dir='ltr'><em>ἡμῖν</em></span> <span class='ocrx_word' id='word_1_47' title='bbox 2033 1676 2220 1767; x_wconf 75' lang='grc' dir='ltr'><em>εὔερον</em></span> <span class='ocrx_word' id='word_1_48' title='bbox 2243 1727 2259 1756; x_wconf 87' lang='grc'><em>,</em></span> 
     </span>
    </p>
   </div>
   <div class='ocr_carea' id='block_1_7' title="bbox 651 1932 2975 2168">
    <p class='ocr_par' dir='ltr' id='par_1_7' title="bbox 651 1932 2975 2168">
     <span class='ocr_line' id='line_1_10' title="bbox 651 1932 2973 2024; baseline 0.001 -21"><span class='ocrx_word' id='word_1_49' title='bbox 651 1934 775 2003; x_wconf 89' lang='lat' dir='ltr'>ubi</span> <span class='ocrx_word' id='word_1_50' title='bbox 822 1935 1178 2024; x_wconf 77' lang='lat' dir='ltr'>optativus</span> <span class='ocrx_word' id='word_1_51' title='bbox 1226 1932 1485 2023; x_wconf 86' lang='lat' dir='ltr'>pendet</span> <span class='ocrx_word' id='word_1_52' title='bbox 1530 1952 1572 2001; x_wconf 88' lang='lat' dir='ltr'>a</span> <span class='ocrx_word' id='word_1_53' title='bbox 1619 1932 2004 2022; x_wconf 89' lang='lat' dir='ltr'>praeterito</span> <span class='ocrx_word' id='word_1_54' title='bbox 2045 1937 2397 2023; x_wconf 85' lang='lat' dir='ltr'>tempore,</span> <span class='ocrx_word' id='word_1_55' title='bbox 2455 1953 2618 2003; x_wconf 88' lang='lat' dir='ltr'>cum</span> <span class='ocrx_word' id='word_1_56' title='bbox 2667 1936 2973 2005; x_wconf 89' lang='lat' dir='ltr'>viatores</span> 
     </span>
     <span class='ocr_line' id='line_1_11' title="bbox 651 2046 2975 2168; baseline 0.001 -32"><span class='ocrx_word' id='word_1_57' title='bbox 651 2068 946 2157; x_wconf 81' lang='lat' dir='ltr'>profecti</span> <span class='ocrx_word' id='word_1_58' title='bbox 994 2076 1198 2153; x_wconf 88' lang='lat' dir='ltr'>sunt,</span> <span class='ocrx_word' id='word_1_59' title='bbox 1246 2068 1349 2135; x_wconf 87' lang='lat' dir='ltr'>sic</span> <span class='ocrx_word' id='word_1_60' title='bbox 1394 2074 1476 2135; x_wconf 92' lang='lat' dir='ltr'>ut</span> <span class='ocrx_word' id='word_1_61' title='bbox 1522 2085 1652 2134; x_wconf 93' lang='lat' dir='ltr'>nos</span> <span class='ocrx_word' id='word_1_62' title='bbox 1702 2066 2007 2134; x_wconf 84' lang='lat' dir='ltr'>dicimus</span> <span class='ocrx_word' id='word_1_63' title='bbox 2053 2086 2110 2134; x_wconf 93' lang='lat' dir='ltr'>e.</span> <span class='ocrx_word' id='word_1_64' title='bbox 2162 2086 2224 2155; x_wconf 82' lang='lat' dir='ltr'>g.</span> <span class='ocrx_word' id='word_1_65' title='bbox 2271 2066 2354 2135; x_wconf 91' lang='lat' dir='ltr'>N.</span> <span class='ocrx_word' id='word_1_66' title='bbox 2382 2066 2465 2135; x_wconf 89' lang='lat' dir='ltr'>N.</span> <span class='ocrx_word' id='word_1_67' title='bbox 2507 2067 2651 2136; x_wconf 86' lang='lat' dir='ltr'>laat</span> <span class='ocrx_word' id='word_1_68' title='bbox 2677 2046 2975 2168; x_wconf 78' lang='lat' dir='ltr'>vragen‚</span> 
     </span>
    </p>
   </div>
   <div class='ocr_carea' id='block_1_8' title="bbox 649 2183 2970 2425">
    <p class='ocr_par' dir='ltr' id='par_1_8' title="bbox 649 2183 2970 2425">
     <span class='ocr_line' id='line_1_12' title="bbox 649 2183 1768 2290; baseline -0.001 -21"><span class='ocrx_word' id='word_1_69' title='bbox 649 2203 783 2271; x_wconf 89' lang='lat' dir='ltr'>hoe</span> <span class='ocrx_word' id='word_1_70' title='bbox 828 2203 948 2270; x_wconf 87' lang='lat' dir='ltr'>het</span> <span class='ocrx_word' id='word_1_71' title='bbox 997 2209 1141 2269; x_wconf 89' lang='lat' dir='ltr'>met</span> <span class='ocrx_word' id='word_1_72' title='bbox 1186 2183 1324 2269; x_wconf 86' lang='lat' dir='ltr'>den</span> <span class='ocrx_word' id='word_1_73' title='bbox 1371 2199 1567 2290; x_wconf 86' lang='lat' dir='ltr'>zieke</span> <span class='ocrx_word' id='word_1_74' title='bbox 1612 2221 1768 2268; x_wconf 78' lang='lat' dir='ltr'>was,</span> 
     </span>
     <span class='ocr_line' id='line_1_13' title="bbox 737 2333 2970 2425; baseline -0.001 -22"><span class='ocrx_word' id='word_1_75' title='bbox 737 2335 1002 2404; x_wconf 87' lang='lat' dir='ltr'>Eadem</span> <span class='ocrx_word' id='word_1_76' title='bbox 1085 2335 1359 2403; x_wconf 85' lang='lat' dir='ltr'>ratione</span> <span class='ocrx_word' id='word_1_77' title='bbox 1442 2333 1781 2422; x_wconf 83' lang='lat' dir='ltr'>explicari</span> <span class='ocrx_word' id='word_1_78' title='bbox 1863 2339 2096 2420; x_wconf 85' lang='lat' dir='ltr'>potest</span> <span class='ocrx_word' id='word_1_79' title='bbox 2174 2335 2301 2402; x_wconf 89' lang='lat' dir='ltr'>Av.</span> <span class='ocrx_word' id='word_1_80' title='bbox 2389 2354 2489 2402; x_wconf 90' lang='lat' dir='ltr'>vs.</span> <span class='ocrx_word' id='word_1_81' title='bbox 2560 2333 2738 2404; x_wconf 82' lang='lat'>1524</span> <span class='ocrx_word' id='word_1_82' title='bbox 2826 2343 2970 2425; x_wconf 90' lang='lat' dir='ltr'>opt.</span> 
     </span>
    </p>
   </div>
   <div class='ocr_carea' id='block_1_9' title="bbox 647 2477 943 2559">
    <p class='ocr_par' dir='ltr' id='par_1_9' title="bbox 647 2477 943 2559">
     <span class='ocr_line' id='line_1_14' title="bbox 647 2477 943 2559; baseline 0.007 -27"><span class='ocrx_word' id='word_1_83' title='bbox 647 2477 943 2559; x_wconf 76' lang='grc' dir='ltr'><strong><em>εἰσάγοιτο.</em></strong></span> 
     </span>
    </p>
   </div>
   <div class='ocr_carea' id='block_1_10' title="bbox 1172 2680 2472 3037">
    <p class='ocr_par' dir='ltr' id='par_1_10' title="bbox 1172 2680 2472 3037">
     <span class='ocr_line' id='line_1_15' title="bbox 1174 2680 2366 2771; baseline -0.002 -26"><span class='ocrx_word' id='word_1_84' title='bbox 1174 2685 1633 2771; x_wconf 76' lang='grc' dir='ltr'>ἐπιστρατεύσειν</span> <span class='ocrx_word' id='word_1_85' title='bbox 1677 2683 1818 2770; x_wconf 78' lang='grc' dir='ltr'><em>φάο·’</em></span> <span class='ocrx_word' id='word_1_86' title='bbox 1860 2680 2071 2744; x_wconf 81' lang='grc' dir='ltr'><em>ἄνωθεν</em></span> <span class='ocrx_word' id='word_1_87' title='bbox 2116 2689 2195 2767; x_wconf 86' lang='grc' dir='ltr'>τῷ</span> <span class='ocrx_word' id='word_1_88' title='bbox 2240 2680 2328 2743; x_wconf 85' lang='grc' dir='ltr'>Διί</span> <span class='ocrx_word' id='word_1_89' title='bbox 2350 2731 2366 2760; x_wconf 85' lang='grc'>,</span> 
     </span>
     <span class='ocr_line' id='line_1_16' title="bbox 1173 2813 2333 2905; baseline -0.001 -26"><span class='ocrx_word' id='word_1_90' title='bbox 1173 2823 1218 2879; x_wconf 86' lang='grc' dir='ltr'>εἰ</span> <span class='ocrx_word' id='word_1_91' title='bbox 1261 2822 1343 2902; x_wconf 79' lang='grc' dir='ltr'>μή</span> <span class='ocrx_word' id='word_1_92' title='bbox 1387 2813 1615 2904; x_wconf 77' lang='grc' dir='ltr'>παρέξει</span> <span class='ocrx_word' id='word_1_93' title='bbox 1657 2816 1922 2905; x_wconf 73' lang='grc' dir='ltr'>τάμπόρι’</span> <span class='ocrx_word' id='word_1_94' title='bbox 1969 2819 2299 2903; x_wconf 72' lang='grc' dir='ltr'><em>ἀνεῳγμένα</em></span> <span class='ocrx_word' id='word_1_95' title='bbox 2318 2865 2333 2894; x_wconf 84' lang='grc'><em>,</em></span> 
     </span>
     <span class='ocr_line' id='line_1_17' title="bbox 1172 2947 2472 3037; baseline 0.001 -26"><span class='ocrx_word' id='word_1_96' title='bbox 1172 2947 1241 3011; x_wconf 81' lang='grc' dir='ltr'>ἶν’</span> <span class='ocrx_word' id='word_1_97' title='bbox 1289 2955 1565 3037; x_wconf 76' lang='grc' dir='ltr'><em>εἰσάγοιτο</em></span> <span class='ocrx_word' id='word_1_98' title='bbox 1611 2953 1933 3036; x_wconf 75' lang='grc' dir='ltr'><em>σπλγοὶχνα</em></span> <span class='ocrx_word' id='word_1_99' title='bbox 1976 2951 2472 3034; x_wconf 80' lang='grc' dir='ltr'><em>κατατετμημένα.</em></span> 
     </span>
    </p>
   </div>
   <div class='ocr_carea' id='block_1_11' title="bbox 641 3171 2972 3700">
    <p class='ocr_par' dir='ltr' id='par_1_11' title="bbox 645 3171 2972 3430">
     <span class='ocr_line' id='line_1_18' title="bbox 734 3171 2972 3296; baseline -0 -21"><span class='ocrx_word' id='word_1_100' title='bbox 734 3206 1097 3275; x_wconf 82' lang='lat' dir='ltr'>Praesenti</span> <span class='ocrx_word' id='word_1_101' title='bbox 1163 3171 1305 3296; x_wconf 78' lang='grc' dir='ltr'>φασ’</span> <span class='ocrx_word' id='word_1_102' title='bbox 1373 3204 1564 3273; x_wconf 88' lang='lat' dir='ltr'>enim</span> <span class='ocrx_word' id='word_1_103' title='bbox 1634 3204 1830 3278; x_wconf 88' lang='lat' dir='ltr'>notio</span> <span class='ocrx_word' id='word_1_104' title='bbox 1899 3203 2086 3272; x_wconf 92' lang='lat' dir='ltr'>inest</span> <span class='ocrx_word' id='word_1_105' title='bbox 2157 3204 2522 3293; x_wconf 85' lang='lat' dir='ltr'>praeteriti</span> <span class='ocrx_word' id='word_1_106' title='bbox 2596 3207 2933 3295; x_wconf 90' lang='lat' dir='ltr'>temporis</span> <span class='ocrx_word' id='word_1_107' title='bbox 2954 3260 2972 3291; x_wconf 92' lang='lat'>,</span> 
     </span>
     <span class='ocr_line' id='line_1_19' title="bbox 645 3337 2094 3430; baseline -0.003 -21"><span class='ocrx_word' id='word_1_108' title='bbox 645 3360 785 3430; x_wconf 89' lang='lat' dir='ltr'>quo</span> <span class='ocrx_word' id='word_1_109' title='bbox 832 3339 1296 3409; x_wconf 85' lang='lat' dir='ltr'>Prometheus</span> <span class='ocrx_word' id='word_1_110' title='bbox 1343 3338 1478 3406; x_wconf 89' lang='lat' dir='ltr'>hoc</span> <span class='ocrx_word' id='word_1_111' title='bbox 1525 3357 1566 3405; x_wconf 88' lang='lat' dir='ltr'>a</span> <span class='ocrx_word' id='word_1_112' title='bbox 1614 3337 1751 3405; x_wconf 85' lang='lat' dir='ltr'>diis</span> <span class='ocrx_word' id='word_1_113' title='bbox 1798 3338 2094 3427; x_wconf 85' lang='lat' dir='ltr'>accepit.</span> 
     </span>
    </p>

    <p class='ocr_par' dir='ltr' id='par_1_12' title="bbox 641 3472 2971 3700">
     <span class='ocr_line' id='line_1_20' title="bbox 731 3472 2971 3564; baseline -0.001 -21"><span class='ocrx_word' id='word_1_114' title='bbox 731 3474 1107 3564; x_wconf 86' lang='lat' dir='ltr'>Optativus</span> <span class='ocrx_word' id='word_1_115' title='bbox 1153 3481 1391 3542; x_wconf 86' lang='lat' dir='ltr'>autem</span> <span class='ocrx_word' id='word_1_116' title='bbox 1440 3473 1926 3562; x_wconf 81' lang='lat' dir='ltr'>cogitationis,</span> <span class='ocrx_word' id='word_1_117' title='bbox 1978 3472 2065 3541; x_wconf 88' lang='lat' dir='ltr'>de</span> <span class='ocrx_word' id='word_1_118' title='bbox 2111 3493 2253 3561; x_wconf 91' lang='lat' dir='ltr'>quo</span> <span class='ocrx_word' id='word_1_119' title='bbox 2299 3472 2610 3542; x_wconf 86' lang='lat' dir='ltr'>Kockius</span> <span class='ocrx_word' id='word_1_120' title='bbox 2650 3472 2971 3562; x_wconf 88' lang='lat' dir='ltr'>loquitur</span> 
     </span>
     <span class='ocr_line' id='line_1_21' title="bbox 641 3604 2629 3700; baseline -0.003 -24"><span class='ocrx_word' id='word_1_121' title='bbox 641 3608 730 3676; x_wconf 87' lang='lat' dir='ltr'>ad</span> <span class='ocrx_word' id='word_1_122' title='bbox 780 3608 906 3697; x_wconf 90' lang='lat' dir='ltr'>Eq.</span> <span class='ocrx_word' id='word_1_123' title='bbox 954 3628 1055 3700; x_wconf 77' lang='lat' dir='ltr'>vs.=</span> <span class='ocrx_word' id='word_1_124' title='bbox 1099 3607 1235 3676; x_wconf 87' lang='lat'>135</span> <span class='ocrx_word' id='word_1_125' title='bbox 1280 3607 1401 3675; x_wconf 93' lang='lat' dir='ltr'>ubi</span> <span class='ocrx_word' id='word_1_126' title='bbox 1450 3613 1795 3674; x_wconf 87' lang='lat' dir='ltr'>memorat</span> <span class='ocrx_word' id='word_1_127' title='bbox 1845 3605 2057 3694; x_wconf 90' lang='lat' dir='ltr'>Soph.</span> <span class='ocrx_word' id='word_1_128' title='bbox 2109 3604 2278 3674; x_wconf 88' lang='lat' dir='ltr'>Oed.</span> <span class='ocrx_word' id='word_1_129' title='bbox 2329 3606 2412 3673; x_wconf 89' lang='lat' dir='ltr'>R.</span> <span class='ocrx_word' id='word_1_130' title='bbox 2461 3604 2629 3674; x_wconf 84' lang='lat'>979:</span> 
     </span>
    </p>
   </div>
   <div class='ocr_carea' id='block_1_12' title="bbox 1168 3858 2377 3955">
    <p class='ocr_par' dir='ltr' id='par_1_13' title="bbox 1168 3858 2377 3955">
     <span class='ocr_line' id='line_1_22' title="bbox 1168 3858 2377 3955; baseline -0.002 -27"><span class='ocrx_word' id='word_1_131' title='bbox 1168 3873 1292 3934; x_wconf 84' lang='grc' dir='ltr'>εἰκῆ</span> <span class='ocrx_word' id='word_1_132' title='bbox 1337 3870 1638 3955; x_wconf 80' lang='grc' dir='ltr'><em>κράτιστον</em></span> <span class='ocrx_word' id='word_1_133' title='bbox 1683 3868 1788 3939; x_wconf 81' lang='grc' dir='ltr'>ζῆν</span> <span class='ocrx_word' id='word_1_134' title='bbox 1832 3865 1980 3937; x_wconf 79' lang='grc' dir='ltr'>ὅπως</span> <span class='ocrx_word' id='word_1_135' title='bbox 2026 3858 2252 3928; x_wconf 80' lang='grc' dir='ltr'><em>δύναιτό</em></span> <span class='ocrx_word' id='word_1_136' title='bbox 2298 3887 2377 3937; x_wconf 67' lang='grc' dir='ltr'>τις</span> 
     </span>
    </p>
   </div>
   <div class='ocr_carea' id='block_1_13' title="bbox 640 4116 2968 4355">
    <p class='ocr_par' dir='ltr' id='par_1_14' title="bbox 640 4116 2968 4355">
     <span class='ocr_line' id='line_1_23' title="bbox 642 4116 2968 4220; baseline 0 -22"><span class='ocrx_word' id='word_1_137' title='bbox 642 4132 878 4220; x_wconf 86' lang='lat' dir='ltr'>potius</span> <span class='ocrx_word' id='word_1_138' title='bbox 963 4130 1135 4198; x_wconf 90' lang='lat' dir='ltr'>mihi</span> <span class='ocrx_word' id='word_1_139' title='bbox 1212 4129 1676 4219; x_wconf 85' lang='lat' dir='ltr'>appellandus</span> <span class='ocrx_word' id='word_1_140' title='bbox 1769 4149 1925 4197; x_wconf 90' lang='lat' dir='ltr'>esse</span> <span class='ocrx_word' id='word_1_141' title='bbox 2018 4129 2297 4198; x_wconf 89' lang='lat' dir='ltr'>videtur</span> <span class='ocrx_word' id='word_1_142' title='bbox 2390 4116 2749 4218; x_wconf 82' lang='lat' dir='ltr'>optativus</span> <span class='ocrx_word' id='word_1_143' title='bbox 2841 4132 2968 4220; x_wconf 90' lang='lat' dir='ltr'>qui</span> 
     </span>
     <span class='ocr_line' id='line_1_24' title="bbox 640 4262 1558 4355; baseline -0.001 -23"><span class='ocrx_word' id='word_1_144' title='bbox 640 4265 898 4355; x_wconf 86' lang='lat' dir='ltr'>legitur</span> <span class='ocrx_word' id='word_1_145' title='bbox 944 4264 1150 4353; x_wconf 90' lang='lat' dir='ltr'>Vesp.</span> <span class='ocrx_word' id='word_1_146' title='bbox 1200 4285 1299 4332; x_wconf 90' lang='lat' dir='ltr'>vs.</span> <span class='ocrx_word' id='word_1_147' title='bbox 1346 4262 1558 4340; x_wconf 79' lang='lat'>1457:</span> 
     </span>
    </p>
   </div>
   <div class='ocr_carea' id='block_1_14' title="bbox 1057 4502 2720 4728">
    <p class='ocr_par' dir='ltr' id='par_1_15' title="bbox 1057 4502 2720 4728">
     <span class='ocr_line' id='line_1_25' title="bbox 1057 4502 1947 4595; baseline -0.001 -27"><span class='ocrx_word' id='word_1_148' title='bbox 1057 4510 1120 4568; x_wconf 86' lang='grc' dir='ltr'>τὸ</span> <span class='ocrx_word' id='word_1_149' title='bbox 1164 4512 1281 4595; x_wconf 74' lang='grc' dir='ltr'>γάρ</span> <span class='ocrx_word' id='word_1_150' title='bbox 1325 4511 1644 4573; x_wconf 75' lang='grc' dir='ltr'><em>ἀποστῆναι</em></span> <span class='ocrx_word' id='word_1_151' title='bbox 1688 4502 1947 4590; x_wconf 80' lang='grc' dir='ltr'><em>χαλεπόν</em></span> 
     </span>
     <span class='ocr_line' id='line_1_26' title="bbox 1059 4636 2720 4728; baseline 0.001 -28"><span class='ocrx_word' id='word_1_152' title='bbox 1059 4644 1292 4728; x_wconf 71' lang='grc' dir='ltr'><em>φύσεος,</em></span> <span class='ocrx_word' id='word_1_153' title='bbox 1339 4640 1406 4706; x_wconf 78' lang='grc' dir='ltr'>ἢν</span> <span class='ocrx_word' id='word_1_154' title='bbox 1453 4637 1569 4722; x_wconf 86' lang='grc' dir='ltr'><em>ἔχοι</em></span> <span class='ocrx_word' id='word_1_155' title='bbox 1612 4660 1692 4711; x_wconf 88' lang='grc' dir='ltr'>τις</span> <span class='ocrx_word' id='word_1_156' title='bbox 1736 4644 1841 4700; x_wconf 81' lang='grc' dir='ltr'><em>οἱεί.</em></span> <span class='ocrx_word' id='word_1_157' title='bbox 1895 4638 2048 4724; x_wconf 88' lang='grc' dir='ltr'><em>(ἔχοι</em></span> <span class='ocrx_word' id='word_1_158' title='bbox 2093 4638 2174 4704; x_wconf 90' lang='lat' dir='ltr'>R.</span> <span class='ocrx_word' id='word_1_159' title='bbox 2224 4638 2343 4723; x_wconf 88' lang='grc' dir='ltr'><em>ἔχει</em></span> <span class='ocrx_word' id='word_1_160' title='bbox 2388 4636 2663 4727; x_wconf 83' lang='lat' dir='ltr'>ceteri.)</span> <span class='ocrx_word' id='word_1_161' title='bbox 2715 4642 2720 4646; x_wconf 81' lang='grc'><strong>’</strong></span> 
     </span>
    </p>
   </div>
   <div class='ocr_carea' id='block_1_15' title="bbox 3397 5 3475 1379">
    <p class='ocr_par' dir='ltr' id='par_1_16' title="bbox 3397 5 3475 1379">
     <span class='ocr_line' id='line_1_27' title="bbox 3397 5 3475 1379; baseline 0 0"><span class='ocrx_word' id='word_1_162' title='bbox 3397 5 3475 1379; x_wconf 95' lang='lat' dir='ltr'> </span> 
     </span>
    </p>
   </div>
  </div>
 </body>
</html>
