3484 5609
1635 584 1713 651 31

511 780 632 850 ubi
716 782 1165 850 Hermannus
1239 780 1314 844 αὗ
1390 801 1517 870 pro
1597 800 1660 844 ἄν
1743 786 1813 848 et
1896 785 2049 845 αὐτοὶ
2110 800 2240 869 pro
2308 788 2495 846 ταῦτα
2568 781 2827 869 posuit.

601 914 910 983 Auctore
971 916 1282 1004 Reisigio
1341 920 1441 979 οὐκ
1507 933 1571 977 ἄν
1617 916 1688 982 in
1735 915 1931 979 οὔκουν
1977 914 2397 983 mutandum
2446 921 2579 984 ests
2621 915 2840 1005 Vesp.

512 1070 612 1117 vs.
665 1049 838 1118 942:

933 1250 1034 1310 οὐκ
1076 1262 1137 1308 ἂν
1181 1249 1257 1308 σὺ
1302 1250 1510 1310 παύσει
1553 1243 1803 1330 χαλεπὸς
1848 1245 1924 1308 ὢν
1969 1250 2066 1307 καὶ
2109 1240 2422 1330 δύσκολος;

600 1442 909 1510 Auctore
957 1441 1269 1508 Porsono
1314 1459 1378 1504 ἄν
1425 1442 1712 1509 omnino
1760 1440 2136 1509 delendum
2184 1447 2291 1508 est
2336 1440 2505 1508 Ach.
2534 1461 2633 1508 vs.
2663 1439 2836 1508 392:

1036 1637 1134 1701 εἶτ’
1180 1636 1423 1726 ἐξάνοιγε
1466 1644 1738 1723 μηχανάς
1783 1644 1886 1710 τοὶς
1932 1636 2180 1726 Σισύφου

1037 1774 1113 1845 ὡς
1157 1771 1374 1857 σκῆψιν
1418 1789 1481 1832 ἄν
1547 1776 1704 1859 οὶγών
1751 1768 1906 1844 οὗτος
1949 1776 2051 1833 οὐκ
2094 1766 2410 1845 ἐσδέξεται.

599 1983 734 2051 Ubi
781 1983 1129 2070 particula
1192 2001 1256 2045 ἀν
1325 2003 1564 2051 errore
1634 1982 1908 2065 librarii
1983 1982 2087 2050 vel
2164 1983 2393 2051 critici
2460 1989 2616 2051 orta
2679 2003 2835 2051 esse

509 2116 826 2201 videtur,
890 2135 1052 2184 cum
1113 2117 1375 2184 omissa
1434 2116 1785 2204 particula
1845 2120 2153 2184 metrum
2202 2134 2345 2183 non
2394 2121 2583 2184 osset
2630 2115 2838 2183 abso-

511 2250 762 2318 lutum.
810 2248 988 2317 Nam
1035 2257 1160 2317 aut
1205 2249 1440 2318 brevis
1489 2249 1758 2337 syllaba
1805 2247 2132 2318 addenda
2178 2256 2322 2334 est,
2371 2259 2495 2319 aut
2534 2251 2833 2339 primam

512 2384 852 2473 syllabam
925 2383 1246 2452 vocabuli
1312 2390 1470 2473 ἀγὼν
1518 2384 1823 2472 produci
1871 2405 2164 2453 necesse
2211 2389 2340 2452 cst.
2389 2383 2539 2452 Hoc
2587 2385 2838 2454 vitium

513 2518 758 2587 tollere
827 2519 1205 2587 volucrunt
1272 2519 1695 2606 interposita
1752 2519 2099 2608 particula
2145 2536 2243 2604 ἄν,
2309 2539 2490 2608 quae
2560 2525 2838 2608 praete-

511 2671 632 2720 rea
719 2652 879 2720 ideo
967 2652 1175 2721 facile
1260 2652 1375 2719 hic
1465 2653 1781 2740 irrepere
1842 2655 2117 2742 potuit,
2179 2654 2372 2743 quia·
2407 2660 2686 2722 constat
2755 2673 2839 2720 ex

512 2786 738 2873 prima
797 2786 1035 2854 littera
1083 2787 1449 2874 sequentis
1512 2786 1839 2856 vocabuli
1900 2792 2057 2876 οἱγών
2124 2793 2194 2856 et
2242 2793 2599 2875 postrema
2646 2792 2841 2853 ante—

513 2920 829 2987 cedentis
903 2919 1138 3005 σκῆψιν.
1224 2919 1548 2987 Postulat
1638 2926 2004 3008 praeterea
2087 2920 2330 3010 lingua
2408 2920 2838 2987 comicorum

513 3053 909 3122 articulum.
961 3052 1159 3120 Hanc
1224 3052 1312 3120 ob
1379 3074 1524 3120 rem
1587 3053 1944 3121 Porsonus
1994 3056 2255 3122 omissa
2302 3053 2649 3142 particula
2672 3058 2819 3143 ἀγὼν

514 3185 703 3274 legit.

599 3319 760 3387 Aor.
807 3326 949 3408 opt.
999 3318 1480 3387 restituendus
1527 3325 1637 3387 est
1683 3319 1847 3407 Lys.
1898 3339 1997 3387 vs.
2043 3319 2216 3387 541:

930 3519 1042 3603 ἐγὼ
1084 3521 1201 3605 γάρ
1244 3513 1442 3579 οὔποτε
1488 3514 1723 3600 κάμοιμ’
1771 3531 1833 3575 ἂν
1879 3517 2197 3603 ὀρχουμένη
2225 3565 2241 3594 ,

930 3642 1060 3711 οὐδὲ
1103 3645 1299 3736 γόνατ’
1345 3665 1410 3711 ἅν
1451 3649 1621 3722 κόπος
1662 3645 1774 3710 ἑλεῖ
1815 3671 1885 3734 με
1933 3649 2264 3738 καματηρός
2311 3666 2396 3716 ἄν.

608 3841 750 3910 Vid.
798 3841 924 3910 Ed.
970 3841 1176 3909 Dind.
1213 3842 1261 3906 l.
1310 3842 1353 3909 l.

598 3974 787 4043 Nihil
854 3976 1187 4065 impedit,
1254 3995 1394 4064 quo
1467 3976 1704 4043 minus
1773 3974 1889 4043 bic
1959 3995 2087 4064 pro
2155 3975 2379 4044 forma
2439 3975 2586 4065 ἑλεῖ,
2650 3997 2834 4067 quae

512 4109 713 4177 nihili
758 4118 894 4195 est,
943 4130 1105 4178 cum
1151 4108 1254 4173 ΒΔ
1302 4108 1411 4173 ἕλοι
1458 4108 1890 4195 scribamUS‚
1941 4109 2131 4200 quod
2179 4130 2341 4178 cum
2388 4129 2451 4174 aaa
2496 4113 2833 4181 coniunc-

513 4251 664 4313 tum
747 4264 904 4313 esse
971 4249 1207 4333 potest
1275 4244 1630 4332 optativus
1699 4242 2140 4332 potentialiS‚
2227 4244 2412 4313 sicut
2481 4248 2555 4313 in
2625 4266 2836 4314 versu

513 4378 747 4467 priore
790 4379 1023 4466 κάμοιμ’
1072 4395 1154 4445 ἄν.

602 4512 865 4580 Eodem
912 4513 1121 4580 modo
1164 4510 1445 4580 Thcsm.
1492 4499 1599 4580 vs.¹
1639 4509 1775 4579 815
1820 4510 2182 4579 Bentleius
2221 4509 2353 4574 ἀλλ’
2392 4516 2548 4598 ἡμεῖς
2592 4528 2653 4575 ἂν
2679 4565 2693 4580 .
2723 4565 2739 4581 .
2767 4559 2826 4581 ..

509 4641 870 4736 ἀποδείξομεν
914 4648 989 4714 in
1033 4666 1098 4710 ἅν
1123 4697 1138 4713 .
1167 4696 1181 4711 .
1211 4696 1226 4712 .
1255 4700 1269 4714 .
1295 4640 1685 4734 ἀποδείξαιμεν
1739 4644 2064 4714 mutavit.
