3484 5609
1673 541 1766 609 55

550 734 680 803 ubi
726 736 883 804 adv,
931 741 993 800 τὸ
1035 743 1164 826 πρίν
1212 736 1655 805 demonstrat
1700 736 1882 805 coni.
1932 756 2161 825 praes.
2210 736 2248 825 ᾔ
2295 756 2452 805 esse
2476 737 2689 805 etiam
2715 743 2882 805 ante

549 876 838 958 tempus
888 870 1079 938 verbi
1127 865 1368 946 διδάξω.

645 1002 748 1071 Cf.
799 1003 923 1093 Eq.
975 1025 1071 1071 vs,
1122 1003 1338 1073 1307:

1824 1178 1923 1237 ἐάν
1967 1197 2039 1261 με
2083 1184 2239 1265 χρῇ,

918 1308 1026 1368 ὑπὸ
1070 1299 1381 1394 τερηδόνων
1425 1310 1652 1369 σαπεῖσ’
1698 1307 1944 1370 ἐνταῦθα
1988 1314 2474 1398 καταγηράσομαι

642 1513 783 1609 Ubi
844 1541 1138 1611 verbum
1195 1553 1317 1634 χρῇ
1361 1563 1403 1612 a
1450 1550 1771 1635 tempore
1816 1541 2175 1634 'praesenti
2222 1545 2313 1614 ad
2359 1553 2642 1635 tempus
2692 1546 2882 1615 futu·

546 1693 714 1742 rum
763 1676 1093 1763 pertinet.

644 1806 774 1897 Eq.
824 1828 925 1877 vs.
967 1806 1052 1877 37
1076 1830 1092 1878 :

1247 2005 1305 2069 ἓν
1348 1999 1403 2069 δ’
1445 2010 1648 2081 αὐτοὺς
1690 2008 2216 2097 παραιτησώμεθα,

981 2132 1257 2206 ἐπίδηλον
1299 2143 1433 2224 ἡμῖν
1480 2150 1589 2214 τοῖς
1633 2144 2002 2230 προςώποισιν
2047 2152 2218 2204 ποιεῖν

981 2271 1050 2340 ἢν
1088 2283 1196 2346 τοῖς
1241 2274 1398 2336 ἔπεσι
1440 2279 1689 2363 χαίρωσι
1735 2281 1836 2337 καί
1880 2284 1989 2347 τοῖς
2037 2280 2397 2364 πράγμασιν.

644 2492 801 2561 Non
874 2492 988 2561 hic
1057 2501 1352 2583 apparet
1422 2499 1663 2562 utrum
1732 2502 1984 2584 χαίρωσι
2051 2495 2405 2583 pertineat
2468 2496 2556 2564 ad
2606 2503 2889 2585 tempus

559 2647 934 2716 praesens»,
1002 2599 1093 2696 an
1157 2627 1245 2695 ad
1310 2627 1667 2709 futurum,
1739 2648 1972 2718 neque
2035 2637 2278 2697 utrum
2339 2630 2580 2698 ἢν....
2638 2638 2887 2720 χαίρωσι

559 2762 648 2829 sit
698 2761 1050 2829 sententia
1099 2759 1601 2829 conditionalis
1645 2757 1738 2829 an'
1786 2763 2111 2850 quaestio
2158 2762 2527 2830 indirecta.

647 2895 1030 2966 Videamus
1092 2901 1449 2984 postremo
1511 2894 1689 2963 duos
1745 2896 1938 2963 locos
1988 2896 2076 2963 de
2123 2896 2381 2984 quibus
2431 2875 2881 2964 Hermannus

562 3029 877 3118 disputat
930 3029 1007 3116 (1.
1057 3029 1099 3096 l.
1147 3049 1303 3119 pag.
1350 3028 1497 3117 26).
1650 3009 1653 3018 Γ

645 3161 829 3230 Nub.
877 3183 976 3230 vs.
1022 3161 1199 3230 1152
1246 3161 1367 3236 ubi
1414 3169 1597 3230 teste
1645 3163 2052 3231 Hermanno
2099 3161 2527 3251 quibusdam
2574 3163 2646 3229 in
2685 3161 2886 3229 libris

558 3294 846 3385 legitur:

982 3454 1106 3521 ΣΩ.
1175 3460 1311 3519 ὥστ’
1356 3461 1660 3547 ἀποφύγοις
1702 3456 1777 3517 ἂν
1821 3459 1988 3524 ἥντιν’
2032 3455 2106 3517 ἂν
2149 3452 2334 3542 βούλῃ
2381 3449 2569 3523 δίκην.

981 3589 1104 3655 ΣΤ.
1174 3596 1257 3653 κεί
1299 3595 1587 3679 μάρτυρες
1628 3598 1906 3678 παρῆσαν
1924 3640 1941 3672 ,
1986 3589 2062 3651 ὅτ’
2108 3580 2510 3675 ἐδανειζόμην;

981 3720 1106 3788 ΣΩ.
1174 3720 1366 3810 πολλῷ
1407 3745 1474 3811 γε
1517 3719 1734 3809 μᾶλλον
1755 3772 1773 3802 ‚
1819 3721 1928 3784 κᾶν
1970 3730 2248 3810 παρῆσαν
2290 3718 2457 3807 χίλιοι

650 3946 723 4014 Si
773 3945 1111 4014 scribitur
1156 3953 1243 4009 κεί
1264 3955 1571 4035 παρῆσαν,
1616 3941 1807 4033 quod
1834 3943 2000 4031 quia
2024 3924 2424 4031 quaestioni
2451 3942 2882 4032 Strepsiadis

561 4081 884 4170 congruit
949 4079 1304 4169 praefer-0,
1374 4078 1793 4167 simpliciter
1862 4075 2222 4145 indicatur
2284 4076 2453 4165 quid
2523 4083 2687 4152 ante
2751 4077 2887 4144 hoc

563 4223 841 4303 tempus
889 4214 1149 4282 factum
1199 4214 1327 4299 sit,
1377 4213 1480 4280 sic
1529 4218 1611 4280 ut
1656 4232 1869 4279 versu
1917 4211 2322 4299 superiore,
2363 4211 2470 4278 sin
2498 4211 2610 4273 κᾶν
2632 4220 2886 4301 παρῶσι,

475 4355 479 4359 ’
561 4350 749 4438 quod
822 4348 1306 4433 HermannuS,
1398 4344 1807 4415 Dindortius
1877 4350 1946 4413 et
2016 4344 2135 4413 alii
2208 4343 2662 4412 scribendum
2731 4362 2888 4411 esse

564 4491 852 4572 putant,
917 4481 1312 4565 indicatur,
1382 4480 1552 4570 quid
1602 4478 1725 4548 fiat
1773 4499 1857 4547 eo
1904 4486 2261 4567 tempore,
2310 4495 2453 4567 quo
2496 4476 2587 4574 id·
2615 4477 2887 4577 agitur,

566 4616 758 4708 quod
823 4615 1057 4684 verbis
1116 4621 1413 4705 ἀποφύγοις
1460 4617 1532 4677 ἄν
1580 4612 2041 4702 significatur.
2108 4612 2495 4701 Utriusque
2558 4616 2884 4678 constru-
