3484 5609
1675 559 1764 626 97

633 751 1069 819 Indicativus
1116 752 1306 819 enim
1353 752 1427 819 in
1476 753 1853 821 sententiis
1901 753 2216 822 relativis
2260 760 2331 822 et
2372 755 2885 843 temporalibus

544 883 634 952 ab
696 883 1047 952 eiusmodi
1109 886 1464 952 sententia
1533 887 1901 974 suspensis
1964 893 2296 955 accurate
2360 887 2665 972 indicat,
2714 888 2886 977 quid

544 1037 790 1085 revera
860 1017 984 1085 fiat
1054 1017 1163 1085 vel
1236 1017 1504 1085 factum
1571 1019 1702 1104 sit,
1751 1025 1824 1087 et
1869 1018 2042 1108 quid
2090 1021 2243 1087 sine
2291 1019 2510 1087 dubio
2559 1020 2882 1090 futurum

544 1151 673 1234 sit3
736 1151 811 1217 in
876 1151 1252 1219 sententiis
1317 1151 1955 1239 conditionalibus,
2029 1152 2199 1241 quid
2254 1153 2406 1221 fieri
2456 1153 2566 1221 vel
2612 1128 2883 1223 ‘factum

543 1302 700 1352 esse
746 1290 1106 1372 oporteat,
1173 1290 1254 1352 ut
1301 1284 1440 1352 alia
1485 1304 1601 1353 res
1649 1284 1862 1353 simul
1912 1286 2192 1353 eveniat
2244 1285 2349 1353 vel
2399 1287 2734 1355 evenerit.
2831 1287 2886 1354 E

544 1417 997 1485 coniunctivo
1066 1436 1229 1484 cum
1301 1432 1364 1480 ow
1433 1423 1672 1485 autem
1739 1418 1814 1485 in
1863 1418 2240 1486 sententiis
2287 1418 2885 1487 conditionalibus

543 1568 708 1637 spes
783 1548 888 1616 vel
961 1556 1196 1617 metus
1266 1555 1597 1637 apparet,
1669 1549 2065 1638 eodemque
2129 1549 2338 1617 modo
2384 1551 2458 1616 in
2510 1552 2887 1619 sententiis

431 1754 437 1761 ,
545 1681 858 1749 relativis
941 1688 1015 1750 et
1096 1681 1608 1770 temporalibus
1682 1685 2181 1751 coniunctivus
2250 1703 2412 1752 cum
2484 1698 2547 1746 ἄν
2615 1683 2886 1772 aliquid

545 1813 932 1902 significat,
997 1814 1189 1904 quod
1256 1822 1493 1882 mente
1541 1815 1898 1903 loquentis
1948 1815 2057 1882 vel
2107 1814 2490 1884 scribentis
2538 1817 2887 1885 consistit.

542 1946 790 2035 ltaque
837 1947 1005 2035 quia
1052 1946 1265 2035 vulgo
1312 1966 1455 2014 non
1504 1946 1775 2015 indicat
1823 1946 2130 2035 aliquid,
2190 1947 2379 2036 quod
2428 1949 2622 2016 omni
2669 1949 2887 2017 dubio

532 2079 774 2147 maius
832 2080 959 2160 sit,
1023 2100 1257 2168 neque
1304 2087 1572 2149 certam
1621 2100 2001 2169 personam
2048 2087 2171 2148 aut
2220 2087 2496 2149 certum
2544 2082 2887 2169 temporis

545 2217 1020 2298 momentum,
1091 2219 1375 2300 tempus
1440 2211 1636 2280 verbi
1701 2213 1777 2279 in
1841 2213 2159 2280 oratione
2223 2218 2418 2280 recta
2466 2212 2889 2301 plerumque

543 2345 758 2411 etiam
827 2345 901 2413 in
972 2345 1291 2437 oratione
1361 2344 1651 2434 obliqua
1699 2345 2128 2414 dominatur.
2192 2346 2345 2414 Vid.
2391 2345 2556 2434 Ca‘p.
2606 2346 2706 2431 II,
2758 2353 2798 2429 ἓ
2845 2346 2890 2414 5

540 2477 622 2544 10
681 2484 753 2546 et
814 2477 910 2544 20.
983 2478 1136 2545 Hoc
1198 2478 1419 2566 igitur
1480 2497 1692 2566 saepe
1759 2485 1869 2547 est
1916 2478 2456 2568 significationis
2505 2478 2884 2548 discrimen

542 2612 729 2679 inter
800 2610 978 2680 duas
1051 2611 1367 2679 diversas
1438 2612 2049 2698 constructiones,
2113 2632 2294 2701 quae
2357 2632 2502 2680 non
2556 2613 2695 2680 nisi
2745 2632 2913 2699 uno-

544 2743 937 2833 eodemque
983 2744 1193 2812 modo
1239 2749 1484 2811 nostra
1526 2743 1770 2832 lingua
1818 2745 1999 2812 verti
2047 2750 2382 2832 possunt,
2434 2744 2624 2834 quod
2667 2715 2887 2833 parti-

543 2876 703 2944 cula
765 2890 828 2939 ἄν
872 2876 1234 2965 loquentis
1281 2876 1397 2943 vel
1445 2874 1828 2944 scribentis
1876 2876 2096 2943 animi
2143 2875 2589 2944 affectionem
2638 2876 2727 2944 ad
2771 2895 2888 2961 ea,

542 3029 725 3098 quae
788 3010 1046 3096 refert,
1109 3008 1398 3077 indicat.
1470 3009 1709 3098 Atque
1750 3028 1928 3077 eam·
1955 3009 2351 3078 sententiae
2401 3015 2716 3098 partem,
2770 3010 2885 3077 cui

543 3144 824 3212 animus
871 3143 1174 3211 maxime
1221 3142 1578 3227 inhaeret,
1630 3161 1815 3231 quae
1862 3143 2081 3231 igitur
2123 3143 2428 3210 maxime
2452 3142 2891 3228 intenditur,

543 3275 890 3365 particula
938 3275 1150 3364 vulgo
1198 3275 1517 3364 proxime
1564 3277 1911 3364 sequitur.
1963 3276 2123 3344 Vid:
2170 3276 2336 3365 Cap.
2386 3276 2480 3345 Iv
2527 3281 2568 3358 ἓ
2612 3277 2677 3344 1.
2729 3276 2884 3352 Qua

543 3408 942 3475 sententiae
982 3413 1186 3496 parte
1235 3408 1296 3475 si
1345 3407 1694 3495 particula
1740 3409 2026 3497 longius
2074 3429 2116 3476 a
2171 3408 2381 3476 verbo
2431 3416 2702 3477 remota
2742 3417 2887 3494 est,

544 3560 758 3629 quam
800 3547 880 3608 ut
920 3541 1367 3609 concinnitas
1393 3541 1735 3608 orationis
1762 3560 1903 3608 non
1931 3542 2427 3630 repetitionem
2457 3542 2889 3631 requireret,

543 3680 669 3742 aut
732 3681 894 3763 post
954 3675 1191 3764 ipsum
1255 3673 1587 3759 verbum,
1643 3680 1771 3771 aut
1835 3675 1895 3742 si
1959 3675 2173 3742 etiam
2220 3675 2445 3743 altera
2493 3676 2890 3744 sententiae

543 3826 711 3894 pars
780 3807 1214 3895 intenditur,
1285 3814 1449 3896 post
1517 3809 1703 3876 hanc
1775 3814 2051 3896 partem
2102 3809 2472 3896 repetitur.
2515 3808 2670 3876 Vid.
2722 3807 2887 3897 Cap.

545 3938 637 4005 IV
688 3944 729 4021 ξ
776 3939 840 4007 2.

633 4072 737 4140 Ex
799 4072 924 4158 iis,
989 4091 1172 4161 quae
1238 4073 1325 4140 de
1389 4073 1740 4162 particula
1808 4088 1870 4136 ἄν
1918 4073 2376 4162 scripsimuS,
2425 4072 2631 4141 facile
2680 4076 2884 4140 inlssla

546 4205 682 4294 legi
752 4211 1025 4294 potest,
1095 4224 1184 4272 ex
1271 4206 1405 4273 hac
1478 4206 1828 4294 particula
1892 4205 2178 4295 linguae
2248 4207 2562 4274 Graecae
2635 4208 2768 4272 vin]
2820 4219 2880 4272 et

544 4339 870 4406 ardorem
919 4358 1283 4428 apparere.
1336 4339 1779 4428 Quacunque
1826 4340 2014 4407 enirn
2064 4338 2308 4426 lingua
2357 4338 2614 4426 aliquis
2664 4336 2888 4424 Ιιῑιιῑμιμ

546 4476 699 4556 tur,
770 4471 1121 4560 imprimis
1183 4491 1223 4539 e
1285 4472 1545 4539 virium
1603 4478 1676 4540 et
1745 4472 1935 4539 vocis
2004 4471 2403 4539 intentione
2466 4471 2619 4537 eius
2684 4472 2892 4536 artior

547 4605 764 4671 animi
837 4604 1310 4694 cognoscitur.
1359 4605 1438 4671 In
1491 4606 1777 4693 scriptis
1826 4611 2067 4673 autem
2113 4624 2152 4672 e
2202 4602 2629 4693 quibusnam
2682 4624 2883 4668 insura-

2623 4715 2676 4757 15⁴1
