3484 5609
1632 615 1723 683 83

593 807 753 894 Lys.
804 827 905 875 VS.
951 805 1121 874 572:
1576 824 1671 871 now
1714 815 1843 893 ὑμῖν
1889 807 1947 895 y’
1996 811 2046 871 εἴ
2088 831 2167 882 τις
2214 812 2342 876 ἐνῆν
2386 815 2547 890 νοῦς,

821 943 887 1002 ἐκ
932 948 1046 1004 τῶν
1087 943 1247 1029 ἐρίων
1292 950 1402 1004 τῶν
1450 943 1741 1029 ἡμετέρων
1789 937 2165 1004 ἐπολιτεύεσθ’
2216 958 2277 1002 ἀν
2320 945 2572 1007 ἅπαντα.

596 1072 695 1140 Cf.
759 1072 919 1161 LYS.
986 1092 1086 1140 vs.
1149 1071 1320 1157 146,
1389 1070 1561 1141 Ach.
1618 1092 1712 1139 vs.
1769 1070 1937 1156 709,
1987 1072 2117 1161 Eq:
2166 1093 2265 1140 VS.
2318 1072 2443 1157 17,
2493 1072 2703 1160 Vesp.
2754 1093 2852 1139 νε.

500 1204 669 1291 509,
748 1203 917 1290 927,
1004 1204 1166 1272 Pac.
1236 1203 1407 1290 321,
1479 1205 1640 1292 LYS.
1716 1224 1817 1273 νε.
1892 1205 2063 1290 252,
2134 1204 2350 1288 1025,
2421 1205 2701 1273 Thesm.
2753 1223 2854 1270 νε.

504 1335 672 1423 440,
717 1335 888 1417 830,
940 1336 1117 1404 Ran.
1168 1357 1269 1406 νε.
1317 1336 1470 1405 572.
2807 1368 2819 1380 ·

591 1468 1159 1559 Nonnunquam,
1238 1472 1299 1538 si
1364 1471 1720 1559 particula
1790 1472 2027 1539 minus
2099 1472 2306 1559 longe
2354 1492 2394 1538 a
2445 1469 2661 1538 verbo
2710 1470 2851 1537 dis-

507 1608 734 1671 tracta
780 1610 923 1689 est,
975 1610 1211 1671 tamen
1260 1610 1424 1692 post
1474 1604 1713 1692 ipsum
1765 1604 2063 1673 verbum
2117 1604 2486 1693 repetitur.
2539 1603 2614 1671 E.
2668 1623 2731 1691 g.

594 1733 770 1803 Ach.
821 1755 922 1804 vs.
973 1734 1144 1804 3072

717 1877 838 1943 πῶς
885 1864 952 1933 δέ
996 1870 1054 1959 γ’
1100 1884 1160 1933 ἂν
1207 1868 1399 1944 καλῶς
1444 1867 1627 1956 λέγοις
1673 1888 1771 1950 ἀν,
1822 1873 1976 1958 εἴπερ
2022 1875 2269 1934 ἐσπείσω
2315 1871 2373 1959 γ’
2421 1865 2617 1954 ἅπαξ;

508 1999 608 2068 Cf.
677 2000 838 2068 Pac.
903 2021 1002 2069 νε.
1066 2001 1191 2086 68,
1241 2000 1369 2068 Αν.
1421 2021 1521 2069 νε.
1571 1998 1744 2086 829,
1797 2000 1956 2089 LyS.
2009 2021 2107 2069 vs.
2156 2002 2236 2086 3,
2283 2000 2450 2086 191,
2499 2001 2636 2070 510
2679 2009 2852 2083 (non

504 2138 744 2201 autem
787 2132 955 2219 310,
998 2134 1190 2223 quod
1231 2140 1339 2202 est
1381 2133 1721 2202 mendum
1764 2135 1840 2202 in
1886 2135 2277 2203 Hei-manni
2326 2134 2509 2203 libro
2557 2135 2650 2203 IV
2701 2155 2851 2223 cap.

502 2271 609 2354 3),
676 2265 799 2335 ubi
864 2273 1146 2356 praeter
1211 2266 1509 2336 verbum
1574 2287 1799 2337 unum
1866 2274 2149 2337 tantum
2198 2267 2620 2338 vocabulum
2667 2270 2854 2336 inter

508 2398 755 2468 ambas
802 2401 1195 2489 particulas
1241 2400 1638 2469 intercedit.

595 2534 845 2623 Itaque
913 2532 1127 2614 nihil,
1195 2533 1387 2622 quod
1452 2534 1782 2623 equidem
1835 2534 2071 2620 vide0,
2129 2532 2426 2623 impedit
2472 2531 2853 2622 quominus

387 2652 400 2662 ’
517 2665 701 2735 Nub.
753 2686 853 2735 νε.
881 2665 1060 2734 1130
1089 2685 1253 2735 cum
1278 2665 1546 2734 Kockio
1572 2664 1930 2756 legamus:
1972 2686 2074 2729 m
2114 2671 2170 2730 ἐν
2210 2667 2484 2755 Αἰγύπτῳ
2524 2677 2717 2750 τυχεῖν
2755 2681 2853 2749 ἄν,

515 2799 841 2886 quamvis
885 2797 1299 2867 Dindorfius
1347 2804 1416 2866 et
1466 2798 1812 2887 Bergkius
1839 2799 2200 2868 scribant:
2252 2800 2441 2885 τυχεῖν
2466 2800 2576 2884 ὥν,
2619 2818 2852 2887 neque

512 2931 895 3019 quominus
944 2930 1071 2999 Αν.
1124 2951 1222 2999 νε.
1272 2930 1446 2999 1017
1497 2950 1660 2999 cum
1709 2932 2012 3021 Bergkio
2063 2932 2416 3020 legamus:
2483 2937 2558 3007 ὡς
2602 2937 2700 2995 οὐκ
2746 2927 2851 2996 οἷδ’

511 3065 584 3126 ἂν
648 3071 692 3128 εἰ
744 3066 943 3154 φθαίης
994 3081 1056 3128 ἄν
1103 3066 1427 3154 quamvis
1477 3064 1889 3135 Dindorfius
1940 3066 2238 3135 scribat:
2305 3068 2505 3155 φθαίης
2550 3066 2643 3129 ἔτ’.
2694 3064 2850 3132 Vid.

509 3196 674 3285 Cap.
726 3197 818 3265 IV
866 3203 905 3280 ἓ
955 3197 1017 3265 1.

600 3330 736 3399 Ubi
783 3330 1086 3399 alterum
1130 3351 1414 3420 quoque
1459 3332 1882 3402 vocabulum
1934 3334 2004 3399 in
2036 3332 2391 3400 sententia
2418 3330 2849 3414 intenditur,

508 3467 667 3551 post
734 3463 868 3531 hoc
925 3462 1349 3532 vocabulum
1413 3463 1764 3553 particula
1828 3464 2054 3552 repeti
2103 3471 2374 3551 potest,
2423 3463 2522 3531 ita
2567 3469 2643 3531 ut
2695 3484 2848 3530 ver-

508 3595 675 3664 bum
745 3602 870 3664 aut
932 3596 1121 3664 inter
1185 3595 1430 3664 ambas
1495 3596 1883 3685 particulas
1946 3596 2368 3676 collocetur,
2435 3617 2492 3663 e.
2555 3616 2616 3683 g.
2667 3594 2848 3663 Nub.

506 3749 607 3797 νε.
653 3728 821 3797 84οε

827 3868 879 3926 τί
926 3856 979 3925 δ’
1024 3875 1084 3924 ἀν
1130 3866 1267 3953 παρ’
1313 3867 1537 3926 ἐκείνων
1583 3871 1681 3926 καὶ
1724 3864 1895 3948 μάθοι
1937 3866 2196 3952 χρηστόν
2243 3885 2320 3934 τις
2367 3876 2463 3939 ἅν;

506 3995 591 4062 cf.
640 3992 824 4063 Nub.
874 4014 975 4062 νε.
1022 3992 1229 4079 1250,
1271 3992 1483 4078 1383,

604 4126 788 4195 Nub.
818 4145 919 4194 VS.
948 4126 1159 4194 1056:
1220 4134 1263 4190 εἰ
1306 4135 1424 4216 γάρ
1468 4132 1707 4214 πονηρὸν
1756 4126 1857 4204 ἦν,
1904 4125 2160 4215 Ὅμηρος
2207 4119 2462 4189 οὐδέποτ’
2510 4144 2571 4187 ἀν
2614 4130 2778 4189 ἐποίει

1206 4265 1298 4323 τὸν
1346 4257 1594 4348 Νέστορ’
1640 4237 1932 4349 ἀγορητὴν
1956 4276 2017 4321 ἀν
2040 4253 2166 4322 οὐδὲ
2192 4263 2317 4330 τοὺς
2342 4262 2541 4346 σοφοὺς
2564 4262 2847 4330 ἅπαντας.

509 4393 593 4460 cf.
645 4392 855 4480 Vesp.
906 4412 1006 4460 νε.
1058 4390 1222 4472 171,
1272 4392 1449 4458 Ran.
1500 4411 1598 4458 νε.
1647 4390 1758 4458 96.

597 4529 720 4591 aut
770 4523 1016 4592 ambas
1065 4522 1455 4611 particulas
1501 4528 1884 4611 sequatur,
1934 4544 1992 4590 e.
2042 4543 2104 4610 g.

603 4657 781 4725 Ran.
832 4677 932 4724 VS.
980 4656 1150 4725 585:
1200 4673 1294 4720 κάν
1340 4660 1388 4719 εἴ
1428 4679 1500 4743 με
1547 4657 1771 4730 τύπτοις
1819 4662 1919 4719 οὐκ
1965 4673 2025 4719 ἀν
2071 4662 2372 4742 ἀντείποιμί
2420 4678 2527 4721 σοι.
