3484 5609
1755 569 1845 640 64

1082 769 1211 859 φέρε
1254 772 1316 832 τὸ
1360 761 1676 851 σκιάδειον,
1725 773 1818 833 ἵνα
1861 793 1932 856 με
1977 768 2090 834 κᾶν
2134 772 2163 834 ὁ
2214 767 2359 846 Ζεὺς
2404 766 2504 861 ἴδῃ

1085 902 1324 979 ἄνωθεν,
1372 900 1693 967 ἀκολουθεῖν
1735 898 1886 967 δοκῶ
1932 910 2248 995 κανηφόρῳ.

642 1103 743 1174 Cf.
795 1104 917 1194 Eq.
968 1125 1064 1173 νε.
1113 1104 1280 1192 963,
1330 1105 1541 1190 1386,
1590 1106 1768 1175 Ran.
1821 1128 1918 1176 vs.
1970 1105 2119 1176 736.

731 1240 967 1308 Tertia
1028 1240 1449 1329 significatio
1497 1239 1822 1310 vocabuli
1868 1245 1973 1305 καί
2018 1249 2124 1310 est
2172 1243 2305 1325 vel,
2353 1242 2594 1331 itaque
2641 1244 2975 1313 vocabuli

639 1375 748 1436 κᾶν
791 1374 889 1440 vel
931 1374 1008 1439 si.
1063 1373 1134 1440 E.
1185 1394 1247 1464 g.
1299 1373 1481 1442 Nub.
1535 1395 1630 1443 vs.
1678 1373 1891 1443 1315:

1569 1575 1719 1635 ὥστε
1762 1593 1813 1634 vt
1855 1608 1942 1620 —

1269 1713 1377 1767 κᾶν
1420 1707 1684 1778 ἅπαντας
1729 1704 1916 1794 οἶςπερ
1959 1704 2031 1767 ἂν

1268 1833 1606 1927 ξυγγένηται
1623 1891 1639 1923 ‚
1687 1838 1797 1901 κᾶν
1842 1834 1982 1927 λέγῃ
2029 1839 2379 1929 παμπόνηρ’.
2438 1861 2447 1869 ·

1039 1972 1175 2044 ἴσως
1218 1964 1269 2033 δ’
1291 2024 1307 2055 ‚
1351 1973 1490 2044 ἴσως
1534 1967 1888 2054 βουλήσεται
1933 1973 2187 2061 κᾶφωνον
2234 1976 2402 2036 αὑτὸν
2448 1971 2608 2035 εἶναι.

637 2173 760 2242 ubi
827 2176 935 2237 κᾶν
1005 2172 1358 2263 significat
1424 2176 1522 2242 vel
1587 2176 1678 2262 si,
1768 2180 1840 2243 et
1907 2182 2040 2259 καί,
2128 2175 2318 2263 quod
2390 2194 2551 2242 cum
2624 2176 2976 2244 vocabulo

632 2309 849 2397 ἄφωνον
911 2307 1095 2376 crasi
1157 2307 1617 2375 coniunctum
1679 2314 1824 2392 est,
1875 2302 1987 2374 v'el.
2039 2306 2140 2375 Cf.
2191 2307 2350 2395 LyS.
2402 2328 2500 2377 vs.
2551 2308 2723 2393 123,
2772 2307 2970 2376 Eccl.

632 2460 734 2508 VS.
803 2440 969 2526 796,
1036 2440 1214 2507 Ran.
1287 2461 1412 2508 vs.-
1453 2438 1620 2521 6853
1694 2439 1783 2507 de
1865 2439 2046 2507 Nub.
2115 2460 2215 2508 vs.
2277 2439 2455 2508 1153
2527 2441 2663 2509 vid.
2749 2461 2974 2531 supra

633 2574 799 2664 Cap.
841 2574 902 2643 II
951 2580 990 2657 ξ
1037 2580 1117 2661 5,
1164 2573 1263 2641 1⁰.

1157 3031 1166 3038 κ
1263 2985 1300 3074 g
1346 2984 1411 3052 2.
1502 2982 1637 3049 Κᾶν
1681 2985 1755 3052 in
1799 2984 2085 3053 oratione
2128 2993 2321 3053 recta.

715 3246 796 3314 In
865 3222 1181 3315 oratione
1249 3252 1444 3314 reeta
1510 3245 1620 3308 κᾶν
1687 3250 1936 3313 natum
2005 3251 2114 3313 est
2182 3265 2221 3313 e
2289 3255 2386 3308 καὶ
2452 3249 2559 3328 ἄν,
2624 3245 2791 3314 dum
2860 3255 2962 3311 καί

626 3381 909 3449 easdem
969 3379 1520 3470 significationes
1584 3377 1832 3463 habet,
1897 3398 2074 3467 quas
2141 3380 2459 3468 proximo
2510 3379 2958 3468 paragrapho

628 3515 1172 3582 memoravimus
1233 3522 1324 3598 et,
1386 3514 1583 3580 etiam
1629 3520 1701 3581 et
1747 3512 1877 3598 vel,
1926 3514 1998 3574 ἄν
2049 3518 2286 3579 autem
2337 3514 2645 3600 pertinet
2691 3518 2816 3580 aut
2867 3514 2959 3580 ad

626 3647 1022 3736 optativum
1081 3645 1575 3734 potentialem,
1641 3651 1766 3712 aut
1827 3644 1917 3711 ad
1965 3645 2426 3732 praeteritum
2476 3644 2665 3712 modi
2713 3651 2956 3733 poten-

624 3780 850 3865 tialis,
896 3786 1020 3848 aut
1065 3779 1154 3848 ad
1204 3780 1664 3867 praeteritum
1713 3778 2194 3867 repetitionis,
2235 3785 2360 3847 aut
2385 3780 2473 3846 ad
2499 3778 2952 3848 infinitivum.

627 3913 1007 3982 Videamus
1077 3914 1417 3982 nonnulla
1480 3912 1818 4002 exempla.
1886 3913 2044 3997 Lys.
2110 3932 2209 3979 vs.
2257 3912 2390 3980 516
2436 3912 2768 4002 legimus:
2841 3914 2953 4012 >fain

622 4050 848 4135 ᾤμωζές
891 4052 980 4136 y‘,
1029 4055 1072 4110 εἰ
1132 4054 1214 4133 μὴ
1269 4051 1469 4137 ’σίγας.
1536 4047 1671 4115 Ubi
1732 4054 1828 4111 καὶ
1892 4046 2242 4136 significat
2288 4055 2380 4132 ec,
2450 4047 2815 4133 pertinens
2864 4048 2953 4114 ad

624 4179 920 4249 verbum
967 4181 1227 4268 ᾤμωζες,
1300 4181 1388 4248 ad
1452 4180 1640 4269 quod
1703 4183 2164 4269 praeteritum
2228 4182 2438 4249 etiam
2503 4184 2573 4243 ἄν
2640 4182 2953 4249 referen-

626 4314 795 4382 dum
840 4320 968 4382 est.
1018 4313 1346 4393 Ceterum
1395 4314 1481 4381 de
1531 4315 1662 4382 hoc
1712 4316 1864 4383 loco
1914 4313 2048 4382 vid.
2100 4313 2264 4403 Cap.
2312 4315 2341 4382 l
2390 4315 2444 4381 B
2492 4313 2526 4401 ξ
2575 4312 2637 4381 2.
2697 4374 2700 4380 .

714 4446 893 4515 Nub.
946 4469 1045 4516 vs.
1092 4446 1269 4516 1235
1314 4449 1652 4537 legimus:

1000 4646 1109 4707 κᾶν
1153 4646 1593 4735 προςκοιτοιθείην
1630 4648 1690 4732 «γ’
1705 4694 1720 4724 ,
1769 4644 1909 4707 ὥστ’
1957 4648 2195 4729 ὀμόσαι,
2243 4642 2559 4734 τριώβολον.
