3484 5609
1745 552 1837 620 80

627 747 894 816 cedunt
930 747 1266 829 verbum,
1314 767 1548 836 neque
1595 747 1949 836 particula
1993 767 2058 811 ow
2118 749 2207 817 iis
2255 754 2563 819 attracta
2609 757 2754 838 est,
2801 752 2990 820 haec

628 879 977 968 particula
1025 879 1446 969 plerumque
1495 881 1792 950 verbum
1834 883 2154 970 proxime
2203 884 2551 972 sequitur.
2603 885 2681 951 E.
2732 906 2794 974 g.

714 1014 874 1081 Pac,
924 1034 1024 1081 VS.
1074 1011 1194 1080 70:
1244 1020 1381 1103 πρὸς
1431 1019 1591 1079 ταῦτ’
1636 1016 1973 1105 οἱνερριχοῖτ’
2022 1018 2095 1079 ἂν
2142 1025 2215 1090 εἰς
2260 1022 2352 1080 τὸν
2398 1020 2653 1106 οὐρανὸν.

716 1147 894 1214 Rau.
944 1166 1043 1212 νε.
1092 1145 1259 1214 283:
1329 1152 1444 1235 ἐγὼ
1493 1142 1560 1210 δέ
1605 1148 1664 1235 y’
1713 1144 1984 1234 εὐξαίμην
2029 1150 2102 1210 ἂν
2148 1153 2405 1233 ἐντυχεῖν
2455 1173 2579 1216 τινι.
2630 1148 2733 1216 Cf.
2783 1151 2980 1219 Eccl.

625 1301 725 1349 vs.
773 1279 929 1348 647.

714 1413 899 1481 Plut.
949 1432 1048 1479 νε.
1099 1411 1312 1479 1012:
1361 1410 1530 1476 ἔπειτ’
1577 1416 1715 1486 ἴσως
1762 1413 1937 1500 ᾗτησ’
1985 1414 2058 1476 ἄν
2105 1421 2177 1486 εἰς
2223 1409 2591 1499 ὑποδήματα.

712 1547 875 1631 LyS.
950 1565 1046 1612 vs.
1115 1543 1284 1611 696:
1356 1550 1419 1607 οὐ
1487 1553 1604 1634 γάρ
1671 1547 2027 1634 φροντίσαιμ’
2100 1565 2182 1613 ἄν.
2256 1545 2357 1614 Cf.
2431 1547 2558 1635 Eq.
2611 1569 2711 1615 νε.
2758 1549 2979 1636 1338,

623 1680 906 1748 Thesm.
959 1698 1058 1745 vs.
1107 1676 1322 1762 1194,
1387 1677 1566 1745 Ran.
1617 1698 1718 1745 vs.
1766 1679 1936 1761 532,
2000 1678 2210 1759 1531,
2256 1679 2410 1747 961.

713 1811 998 1879 Thesm.
1047 1829 1148 1877 vs.
1194 1809 1354 1877 203:
1404 1817 1603 1874 κάκιον
1639 1808 1954 1898 ἀπολοίμην
1998 1812 2074 1875 ἂν
2116 1812 2155 1879 ἢ
2204 1818 2280 1876 σὺ
2327 1812 2429 1880 Cf.
2457 1813 2666 1902 Vesp.
2691 1834 2791 1882 νε.
2820 1814 2979 1883 705.

714 1945 894 2012 Ran.
943 1963 1043 2010 νε.
1090 1940 1259 2011 9462
1307 1941 1440 2005 ἀλλ’
1481 1941 1682 2017 ὀὑξιὼν
1727 1949 2032 2035 πρώτιστα
2075 1951 2179 2030 μὲν
2218 1970 2310 2031 μοι
2335 1952 2398 2009 τὸ
2421 1950 2575 2036 γένος
2598 1947 2707 2011 εἶπ’
2729 1964 2791 2010 ἂν
2815 1951 2984 2024 εὐθὺς

1317 2074 1413 2139 τοῦ
1458 2071 1777 2164 δράματος.

712 2209 1241 2296 Nonnunquam
1326 2214 1568 2275 autem
1655 2208 2001 2276 vocabula
2085 2208 2208 2276 illa
2293 2229 2511 2299 supra
2579 2220 2979 2281 memorata

622 2341 1061 2429 praecedunt
1109 2339 1406 2408 verbum
1456 2360 1692 2428 neque
1739 2341 2115 2409 attrahunt
2160 2342 2589 2429 particulam
2638 2362 2737 2428 ἄν,
2785 2365 2980 2432 quae

621 2482 855 2542 tamen
944 2473 1240 2541 verbum
1328 2493 1471 2541 non
1545 2474 1865 2562 proxime
1937 2474 2283 2561 sequitur.
2381 2474 2573 2543 Haec
2644 2496 2760 2545 res
2831 2499 2975 2547 usu

618 2608 862 2675 venire
925 2606 1243 2692 videtur,
1309 2606 1371 2672 si
1435 2605 1568 2672 hoc
1632 2604 1899 2674 illudve
1962 2605 2158 2673 aliud
2206 2606 2633 2676 vocabulum
2678 2612 2752 2678 in
2801 2632 2974 2680 sen-

619 2740 844 2808 tentia
892 2740 1119 2828 magis
1168 2737 1586 2806 intenditur.
1638 2737 1714 2805 E.
1766 2759 1831 2827 g.

707 2873 887 2940 Rau.
936 2893 1038 2940 VS.
1086 2871 1301 2939 1022:
1350 2874 1379 2933 ’ὁ
1423 2872 1769 2958 Θεασάμενος
1807 2882 1922 2944 πᾶς
1962 2886 2027 2933 ἄν
2066 2895 2150 2945 τις
2188 2877 2338 2961 α’νήρ
2369 2869 2781 2963 ἡράσθηδοέἰός
2803 2876 2971 2941 εἶναι.

704 3005 842 3074 Ubi
912 3004 1337 3074 vocabulum
1405 3016 1521 3078 πᾶς
1590 3003 1988 3072 intenditur
2063 3006 2139 3091 (i.
2188 3026 2247 3072 e.
2312 3008 2431 3073 wel
2492 3007 2616 3091 elk)
2664 3007 2973 3097 ideoque

615 3138 904 3207 attraxit
955 3137 1381 3227 particulam
1454 3138 1557 3204 sic
1621 3143 1702 3204 ut
1773 3136 1983 3226 Vesp.
2056 3158 2159 3206 vs.
2228 3137 2400 3206 347:

1024 3352 1035 3365 ,
1347 3273 1423 3344 ὡς
1482 3280 1599 3333 πᾶν
1661 3286 1724 3332 ἀν
1770 3270 1948 3359 ἔγωγε
1995 3278 2227 3340 ποιοίην.

613 3406 657 3472 i.
707 3425 766 3472 e.
814 3405 985 3470 daar
1027 3403 1095 3469 ilc
1138 3404 1257 3470 wel
1305 3403 1468 3470 alles
1512 3403 1675 3470 doen
1722 3424 1865 3469 ωτι.

702 3527 803 3596 Cf.
852 3526 980 3595 Αν.
1030 3547 1129 3595 νε.
1180 3526 1391 3595 1152:
1443 3533 1493 3590 τί
1539 3522 1694 3595 δῆτα
1738 3528 2053 3602 πισθωτοὺς
2097 3544 2159 3589 ἂν
2204 3528 2284 3591 ἔτι
2327 3530 2579 3615 μίσθοιτό
2625 3552 2743 3609 τις;

611 3663 655 3729 i.
706 3682 765 3729 e.
826 3681 1114 3728 waarom
1162 3680 1278 3727 zou
1322 3659 1592 3727 iemand
1635 3660 1773 3725 dan
1811 3659 1950 3726 loch
1990 3682 2112 3747 noy
2156 3660 2553 3748 huurlinqen
2598 3683 2851 3730 werven
2865 3665 2898 3730 ,9

700 3795 885 3863 Plut.
936 3816 1037 3863 νε.
1082 3793 1251 3862 453:
1678 3761 1689 3769 ι
2298 3790 2406 3858 οἶδ’
2453 3798 2538 3859 ὅτι

1286 3936 1554 4019 τροπαῖον
1597 3943 1658 3990 ἂν
1703 3932 1985 3996 στήσαιτο
2032 3936 2144 3991 τῶν
2191 3931 2406 4002 ταύτης
2452 3932 2693 4017 τρόπων.

609 4061 655 4129 i.
703 4081 762 4129 e.
810 4062 965 4149 zells
1010 4082 1125 4129 een
1169 4060 1548 4150 zeqeteeken.

699 4193 931 4262 Ceteri
977 4193 1386 4263 huiusmodi
1433 4192 1573 4260 loci
1620 4191 1808 4280 apud
1861 4191 2416 4280 Aristophanem
2463 4197 2700 4269 sunta

700 4326 859 4400 Pae.
927 4344 1031 4394 νε.
1078 4325 1248 4414 627,
1313 4324 1499 4392 Nub.
1548 4344 1649 4392 vs.
1697 4322 1916 4409 1231,
1968 4324 2151 4392 Plut.
2200 4345 2302 4393 vs.
2349 4324 2564 4411 1143,
2612 4325 2800 4393 Eccl.
2851 4348 2961 4395 νε.

608 4457 777 4545 897,
817 4458 995 4528 Ran.
1038 4480 1139 4528 vs.
1182 4459 1292 4526 68.
1342 4459 1444 4526 De
1493 4457 1670 4524 Ran.
1721 4477 1823 4524 νε.
1870 4456 2006 4524 914
2044 4462 2115 4525 et
2159 4456 2344 4525 Plut.
2372 4477 2473 4526 νε.
2497 4455 2625 4525 511
2657 4459 2795 4526 vid.
2822 4459 2959 4541 §2

696 4592 832 4659 Ubi
896 4592 1184 4681 aliquod
1247 4612 1494 4660 eorum
1558 4589 2071 4659 vocabulorum
2129 4610 2313 4680 quae
2361 4589 2574 4679 vulgo
2621 4608 2685 4655 ἄν
2729 4596 2958 4659 attra-
