3484 5609
1798 592 1889 661 30

1770 896 1919 977 §2

772 1087 928 1157 Alia
998 1089 1177 1156 ratio
1247 1094 1356 1157 est
1424 1087 1742 1157 locorum
1815 1089 1940 1158 uhi
2010 1088 2357 1179 particula
2424 1107 2487 1153 ἄν
2558 1109 2720 1158 cum
2768 1089 3007 1158 futuro

687 1221 831 1289 ind.
880 1221 1260 1291 coniuncta
1307 1220 1586 1310 legitur.

769 1352 908 1422 Ubi
977 1354 1140 1443 quis
1209 1353 1628 1444 simpliciter
1697 1354 1906 1441 dicit,
1977 1355 2150 1457 quid
2212 1354 2527 1424 futurum
2590 1354 2717 1441 sit,
2783 1356 3009 1423 utitur

682 1488 808 1555 fut.
880 1486 1061 1572 ind.;
1124 1486 1246 1555 ubi
1309 1488 1409 1574 ei,
1464 1488 1655 1578 quod
1702 1487 2083 1578 praedicit,
2131 1486 2327 1557 addit
2373 1488 2733 1556 notionem
2781 1508 3006 1576 quan-

684 1621 846 1689 dam
895 1622 1007 1690 sui
1050 1621 1277 1710 ipsius
1324 1621 1579 1706 animi,
1626 1621 1776 1688 sive
1800 1620 1976 1689 haec
2002 1620 2217 1690 refert
2242 1639 2477 1710 spem,
2524 1619 2673 1688 sive
2698 1626 3004 1707 metum,

684 1754 913 1822 utitur
973 1756 1286 1842 optativo
1347 1773 1512 1822 cum
1558 1771 1640 1819 ow.
1690 1750 1997 1834 Quinam
2041 1752 2262 1842 igitur
2306 1752 2504 1822 locus
2552 1760 2741 1823 esset
2787 1754 3003 1843 parti-

683 1886 885 1957 culae
944 1905 1009 1952 ἄν
1069 1887 1158 1956 ad
1222 1886 1350 1956 fut.
1411 1887 1594 1970 ind.,
1642 1892 1801 1972 aut,
1851 1887 1910 1953 si
1958 1892 2182 1967 esset,
2231 1886 2568 1975 quidnam
2616 1886 2751 1956 sibi
2799 1886 3006 1957 vellet

686 2021 862 2090 haec
909 2019 1260 2111 particula
1309 2040 1472 2089 cum
1518 2020 1645 2089 fut.
1686 2020 1867 2106 ind.‚
1917 2020 2176 2109 quidve
2222 2020 2710 2111 significaret?
2758 2021 3005 2110 ltaque

685 2152 1171 2244 obsequantur
1210 2174 1502 2223 necesse
1548 2159 1657 2222 est
1719 2152 2021 2241 CobetO,
2062 2156 2186 2243 qui
2236 2155 2415 2243 (var.
2458 2153 2613 2224 lect.
2657 2175 2811 2244 pag.
2836 2153 2999 2242 633)

686 2289 945 2358 acriter
1015 2286 1370 2378 improbat
1437 2294 1734 2358 conatus
1775 2309 2021 2357 eorum
2073 2289 2221 2375 »qui
2267 2305 2329 2351 ἄν
2374 2309 2521 2355 cum
2566 2290 2684 2376 sut.
2731 2296 3006 2377 tempore

690 2423 924 2511 optime
979 2422 1162 2510 iunyi
1229 2422 1582 2510 opinantur
1599 2475 1616 2507 ‚
1670 2432 1729 2490 et
1787 2423 2011 2490 vitiosa
2071 2444 2147 2490 ac
2173 2422 2374 2507 futili
2416 2422 2760 2490 subtilitate
2796 2423 3000 2511 pessi-

684 2577 830 2622 mas
896 2555 1187 2623 lectiones
1253 2555 1647 2623 vindicant.”
1712 2554 1813 2624 Cf.
1877 2555 2181 2624 subinde
2239 2554 2505 2623 ibidem
2573 2575 2729 2645 pag.
2792 2554 2881 2623 92
2934 2561 3005 2624 et

675 2690 803 2757 267
855 2688 941 2757 de
987 2688 1337 2778 particula
1394 2709 1457 2753 ἄν
1499 2690 1853 2758 immerito
1901 2690 2139 2759 futuro
2184 2689 2442 2758 addita.

769 2822 986 2891 Pauci
1026 2829 1196 2892 sunt
1235 2823 1371 2892 loci
1410 2822 1944 2912 Aristophani8‚
1990 2823 2113 2892 ubi
2153 2823 2501 2913 particula
2540 2842 2604 2887 ow
2628 2824 3004 2891 coniuncta

681 2979 842 3026 cum
910 2958 1035 3026 fut.
1114 2957 1258 3026 ind.
1323 2957 1581 3047 legitur
1644 2965 1715 3026 et
1777 2978 2018 3027 eorum
2085 2959 2370 3048 quidem
2433 2960 2748 3028 locorum
2794 2959 3003 3027 lectio

677 3098 787 3160 est
834 3098 979 3160 tam
1026 3092 1296 3160 incerta
1344 3098 1424 3161 ut
1470 3111 1511 3159 a
1558 3092 1920 3181 plerisque
1969 3093 2137 3161 viris
2180 3092 2407 3161 doctis
2432 3094 2608 3161 haec
2632 3098 3001 3162 construc-

681 3226 780 3294 tio
849 3225 990 3294 iam
1052 3231 1301 3314 poetae
1373 3223 1776 3295 abiudicata
1846 3227 1958 3295 sit.
2029 3225 2278 3315 Itaque
2339 3225 2687 3315 particula
2732 3244 2794 3289 ἅν
2840 3245 3001 3293 cum

677 3358 803 3428 fut.
853 3359 996 3427 ind.
1046 3365 1167 3427 aut
1213 3359 1288 3426 in
1350 3356 1426 3422 αὖ
1488 3364 1611 3427 aut
1673 3359 1747 3427 in
1810 3356 1901 3422 οὖν
1949 3365 2220 3428 mutata
2266 3366 2390 3428 aut
2437 3359 2722 3427 omnino
2772 3357 3001 3426 deleta

679 3465 808 3560 esi.
878 3490 1224 3567 Quartum
1291 3490 1608 3561 locorum
1673 3512 1898 3581 genus
1967 3499 2110 3581 est,
2176 3492 2299 3563 ubi
2364 3494 2490 3561 fut.
2538 3491 2683 3560 ind.
2730 3492 3001 3580 ipsum,

679 3625 909 3713 posita
973 3624 1208 3693 littera
1267 3651 1308 3689 α
1374 3645 1502 3714 pro
1564 3649 1589 3690 ε
1651 3633 2006 3696 mutatum
2068 3633 2176 3695 est
2232 3629 2305 3695 in
2354 3647 2501 3696 aor.
2550 3633 2729 3716 opt.,
2777 3627 2877 3694 ita
2924 3631 3002 3694 ut

678 3779 841 3827 cum
888 3777 952 3823 ἄν
999 3760 1421 3829 coniunctus
1470 3760 1699 3829 factus
1748 3762 1841 3828 sit
1886 3767 2028 3850 opt.
2078 3770 2220 3850 pot.
2265 3760 2644 3829 Videamus
2662 3759 3000 3849 exempla.

766 3892 1124 3962 Particula
1197 3910 1258 3956 ἄν
1326 3899 1617 3962 auctore
1685 3893 1957 3963 Weisio
2026 3894 2101 3961 in
2165 3892 2240 3958 αὖ
2301 3893 2643 3963 mutanda
2704 3899 2813 3961 est
2873 3892 2998 3961 Av.

679 4047 775 4095 vs,
826 4025 993 4095 832:

1080 4185 1161 4253 τίς
1205 4174 1263 4242 δ’
1311 4197 1373 4242 ἀν
1418 4176 1633 4254 καθέξει
1679 4189 1780 4253 τῆς
1827 4178 2038 4255 πόλεως
2082 4186 2145 4246 τὸ
2190 4178 2579 4270 Πελαργικόν;

777 4346 876 4415 Cf.
926 4347 1204 4417 Thesm.
1252 4347 1418 4417 814:
2061 4303 2066 4308 ’

1345 4516 1476 4582 ἀλλ’
1523 4522 1683 4605 ἡμεῖς
1726 4536 1788 4581 ἂν
1833 4516 2072 4593 πολλοὺς
2116 4522 2324 4583 τούτων

1341 4646 1706 4740 ἀποδείξομεν
1745 4659 1928 4717 ταῦτα
1973 4659 2258 4727 ποιοῦντας
