3484 5609
1839 555 1930 622 62

723 751 1079 838 praesenti
1128 750 1464 839 explicari
1532 756 1786 839 potest.
1857 749 2185 819 Aoristus
2234 751 2421 819 enim
2487 750 2683 819 verbi
2743 759 3040 839 τυγχάνειν

721 903 880 951 cum
949 884 1323 973 participio
1385 903 1609 973 praes,
1682 884 2107 952 coniunctus
2178 883 2390 952 habet
2460 883 3037 973 significationem

722 1017 1062 1104 temporis
1111 1016 1526 1106 praesentis.
1579 1015 1731 1084 Vid.
1783 1035 1841 1084 e.
1892 1036 1955 1106 g.
2006 1015 2188 1085 Plut.
2239 1036 2340 1084 vs.
2387 1014 2554 1084 150:

1226 1271 1360 1333 ὅταν
1410 1274 1514 1356 μὲν
1557 1274 1741 1343 αὑτάς
1787 1291 1865 1341 τις
1911 1271 2080 1343 πένης
2126 1277 2331 1359 πειρῶν
2375 1236 2529 1357 τύχῇ

721 1541 953 1608 neque
1022 1518 1253 1587 differt
1324 1538 1366 1585 a
1425 1518 1787 1606 praesenti
1851 1516 2047 1585 verbi
2103 1524 2407 1606 τυγχάνειν
2455 1538 2615 1586 cum
2665 1518 3046 1607 Participio

723 1672 948 1741 praes.
1032 1652 1133 1721 Cf.
1205 1651 1388 1720 Plut.
1458 1671 1557 1718 vs.
1628 1648 1825 1719 1037.
1919 1649 2094 1719 Cum
2160 1650 2538 1740 Participio
2603 1670 2746 1719 aor.
2810 1659 3047 1721 autem

720 1786 1143 1854 coniunctus
1207 1783 1556 1874 significat
1609 1790 1891 1872 tempus
1937 1783 2421 1871 praeteritum.
2494 1782 2648 1850 Vid.
2697 1804 2755 1851 e.
2804 1805 2872 1873 g.
2925 1784 3046 1854 Av.

720 1939 818 1987 vs.
867 1917 1034 1988 458:

1352 2116 1380 2177 ‘o
1425 2121 1543 2201 γάρ
1584 2113 1658 2174 ἂν
1703 2116 1779 2175 σὺ
1826 2115 2007 2199 τύχῃς
2053 2135 2145 2198 μοι

1349 2247 1565 2336 ἀγαθὸν
1612 2248 1855 2335 πορίσας
1875 2294 1891 2326 ‚
1941 2251 2097 2310 τοῦτο
2141 2251 2313 2309 κοινὸν
2359 2245 2522 2310 ἔσται

716 2487 842 2556 ubi
900 2492 1191 2578 propter
1252 2486 1378 2553 fut.
1441 2445 1585 2553 irid.
1633 2485 1793 2550 ἔσται
1839 2485 2017 2553 coni.
2067 2504 2210 2553 aor.
2258 2490 2442 2575 τύχῃς
2487 2482 2729 2575 πορίσας
2774 2486 3051 2576 signifi-

721 2622 1072 2690 cationem
1123 2620 1344 2689 futuri
1390 2619 1618 2687 exacti
1665 2618 1903 2697 habet„
1948 2618 2048 2687 Cf.
2099 2617 2281 2686 Plut.
2332 2640 2431 2688 vs.
2479 2620 2543 2688 3.
2592 2621 2661 2690 ἢν
2699 2670 2758 2686 ..
2787 2675 2800 2689 .
2833 2674 2846 2689 .
2882 2619 3053 2698 λέξας

715 2759 902 2844 τύχῃ,
976 2755 1166 2844 quod
1236 2753 1538 2823 eundem
1607 2752 1843 2821 locum
1912 2753 1987 2820 in
2059 2753 2411 2821 sententia
2480 2760 2784 2844 occupat
2832 2774 3051 2843 quem

714 2884 880 2977 δόξῃ.
975 2887 1075 2956 Cf.
1126 2888 1339 2977 etiam
1387 2888 1569 2956 Plut.
1621 2908 1721 2955 vs.
1767 2885 1935 2955 237:

1186 3128 1255 3194 ἢν
1301 3130 1402 3213 μὲν
1446 3136 1562 3217 γάρ
1608 3135 1680 3200 εἰς
1723 3121 1990 3216 φειδωλὸν
2035 3124 2279 3200 εἱςελθὼν
2324 3131 2486 3212 τύχω
2504 3181 2520 3207 ,

1188 3261 1344 3334 εὐθὺς
1390 3256 1712 3349 κατώρυξέν
1756 3283 1826 3346 με
1870 3267 2024 3323 κατά
2071 3269 2171 3332 τῆς
2217 3270 2324 3347 γῆς
2368 3266 2558 3337 κάτω,

809 3505 882 3566 et
930 3498 1112 3568 Nub.
1161 3519 1260 3566 vs.
1307 3495 1515 3566 1079:

959 3743 1153 3824 μοιχὸς
1198 3746 1315 3826 γάρ
1360 3738 1428 3805 ἢν
1476 3743 1658 3826 τύχῃς
1700 3735 1871 3811 ἁλούς
1888 3788 1903 3817 ,
1958 3732 2086 3802 τάδ’
2127 3746 2367 3828 α’ντερεῑς
2412 3744 2548 3829 πρὸς
2594 3741 2784 3806 αὐτόν.
