3484 5609
1780 572 1871 641 58

654 767 921 835 sarium
966 769 1039 830 ἄν
1084 766 1587 836 desideramus.
1637 767 1966 837 Ceterum
2014 770 2364 838 assentior
2409 769 2760 839 Meinekio
2799 770 2976 836 ἐλθών

653 922 783 991 pro
850 899 984 990 ἔλθῃ
1052 900 1431 986 scribenti,
1502 903 1668 991 quia
1724 903 2490 992 symmetriapostulat
2534 913 2807 996 εἰρηναῖος
2849 901 2975 970 δια·

651 1034 824 1123 τρέψῃ
869 1074 956 1085 -—
991 1038 1371 1126 ἀναθαρρήσῃ
1389 1087 1405 1114 ,
1454 1031 1634 1127 χῖδρα
1677 1042 1877 1127 φαγών
1926 1075 2009 1085 -
2054 1036 2359 1127 στεμφύλῳ
2407 1042 2462 1111 ἐς
2507 1037 2672 1128 λόγον
2718 1039 2909 1104 ἐλθών.

743 1168 1069 1237 Aoristus
1146 1169 1324 1237 coni.
1394 1189 1556 1236 cum
1625 1169 2140 1257 significatione
2201 1170 2421 1238 futuri
2487 1174 2716 1241 exacti
2781 1174 2974 1240 inve-

654 1303 848 1370 nitur
893 1302 1083 1389 apud
1129 1303 1622 1390 imperativum
1675 1302 1854 1370 Nub.
1906 1324 2003 1371 vs.
2028 1302 2144 1387 89,
2192 1303 2361 1388 345,
2411 1304 2586 1391 702,
2638 1307 2979 1396 (impera-

652 1436 841 1503 tivus
910 1445 1019 1502 est
1089 1436 1394 1504 omissus
1461 1435 1643 1503 Nub.
1716 1456 1815 1503 vs,
1886 1435 2056 1520 267,
2128 1436 2303 1505 Rau.
2358 1456 2460 1505 VS.
2506 1437 2679 1507 1281
2734 1439 2856 1507 ubi
2902 1443 2978 1503 οἶν

652 1568 923 1637 addidit
970 1568 1421 1657 Elmsleius)‚
1470 1568 1659 1658 apud
1706 1572 1858 1645 ὅπως
1903 1591 2065 1638 cum
2118 1571 2241 1639 fut.
2283 1572 2467 1656 ind.,
2515 1572 2708 1662 quod
2759 1574 2976 1662 signi-

651 1701 1052 1771 ficationem
1100 1703 1500 1791 imperativi
1564 1702 1774 1771 habet
1846 1702 2024 1771 Nub.
2092 1725 2191 1772 vs.
2252 1704 2422 1790 489,
2485 1705 2676 1795 apud
2739 1706 2975 1775 infini-

650 1836 877 1904 tivum
925 1856 1087 1903 cum
1136 1832 1221 1899 δεῑ
1268 1834 1393 1903 Αν.
1446 1856 1543 1903 vs.
1593 1834 1805 1920 1355,
1854 1837 2035 1925 apud
2082 1834 2359 1924 Βούλομαι
2407 1837 2586 1906 Nub.
2637 1859 2736 1907 vs.
2762 1838 2974 1926 1500,

648 1968 816 2036 1501
887 1967 1010 2037 ubi
1073 1969 1193 2036 inf.
1242 1968 1569 2045 ,ἀπολλύναι
1630 1990 1668 2036 e
1715 1970 1844 2036 fut.
1893 1971 2037 2036 ind.
2084 1968 2310 2043 οεπολεῖς
2358 1977 2598 2039 mente
2647 1980 2972 2061 repeten-

652 2103 786 2170 dus
834 2109 972 2182 est,
1013 2103 1202 2190 apud
1243 2123 1581 2191 praesens
1631 2103 1772 2170 ind.
1825 2123 1986 2170 cum
2036 2102 2549 2190 significatione
2598 2104 2819 2172 futuri
2844 2106 2971 2172 Av.

651 2257 750 2304 vs.
822 2235 1036 2320 1543,
1099 2234 1283 2302 Plut.
1351 2252 1451 2301 vs.
1519 2207 1687 2317 286,
1779 2234 1963 2303 Eccl.
2038 2255 2133 2302 vs,
2206 2233 2375 2320 247,
2443 2225 2690 2326 Γεωργοὶ
2764 2237 2972 2305 Dind.

653 2369 896 2457 fragm.
948 2368 1044 2435 n0.
1093 2368 1260 2435 156:

1327 2567 1444 2626 ἐπεὶ
1486 2556 1694 2648 δίδωμι
1733 2560 1922 2648 χιλίας
1964 2558 2240 2653 δραχμάς

1323 2700 1421 2759 ἐάν
1463 2720 1534 2782 με
1578 2707 1688 2760 τῶν
1732 2703 1937 2785 ἀρχῶν
1981 2703 2181 2785 α’φῆτε.

646 2910 835 3000 apud
882 2910 1008 2978 fut.
1056 2915 1380 2977 exactum
1432 2907 1614 2975 Nub.
1662 2917 1762 2975 vs.
1809 2906 2006 2975 1435.

734 3044 968 3112 Etiam
1014 3042 1203 3131 apud
1248 3048 1391 3130 opt.
1441 3047 1581 3130 pot.
1628 3043 1753 3131 qui
1802 3041 1920 3108 fut.
1969 3041 2111 3110 ind.
2161 3041 2663 3131 significationi
2712 3063 2972 3134 appro-

645 3181 943 3268 pinquat
1013 3176 1194 3244 coni.
1262 3194 1405 3242 aor.
1476 3194 1640 3241 cum
1697 3176 1770 3237 ἄν
1832 3174 2210 3243 adhibetur
2273 3174 2791 3264 significatione
2837 3176 2972 3246 fut.

644 3311 871 3379 exacti
931 3311 1006 3377 in
1069 3309 1423 3377 sententia
1489 3307 1982 3391 conditionali,
2048 3309 2415 3397 temporali
2489 3309 2598 3376 vel
2647 3310 2965 3378 relativa.

646 3444 721 3512 E.
772 3466 834 3533 g.
883 3442 1065 3511 Nub.
1116 3463 1214 3509 vs,
1264 3441 1437 3509 1163

1110 3639 1178 3707 ἢν
1223 3635 1317 3701 οὖν
1361 3639 1544 3725 μάθῃς
1587 3661 1680 3724 μοι
1727 3644 1817 3701 τὸν
1858 3631 2050 3701 ἄδικον
2095 3644 2286 3701 τοῦτον
2333 3634 2493 3727 λόγον

1109 3776 1150 3834 ἂ
1193 3779 1290 3835 νῦν
1334 3768 1526 3860 ὀφείλω
1569 3766 1668 3834 διὰ
1712 3775 1782 3834 σέ
1802 3821 1816 3850 ,
1865 3772 2074 3834 τούτων
2120 3781 2231 3834 τῶν
2277 3780 2464 3861 χρεῶν

1109 3910 1208 3968 οὐκ
1255 3904 1327 3967 ἂν
1365 3898 1634 3972 ἀποδοίην
1678 3898 1799 3967 οὐδ’
1847 3904 1919 3965 ἂν
1968 3901 2167 3986 ὀβολὸν
2213 3897 2411 3968 οὐδενί.

737 4102 864 4170 Hic
948 4101 1100 4189 ipse
1162 4098 1341 4166 coni.
1406 4118 1548 4165 aor.
1610 4099 1683 4166 in
1757 4099 2108 4166 sententia
2170 4098 2628 4167 conditionali
2687 4098 2962 4167 indicat

644 4242 788 4324 opt.
850 4241 991 4322 pot.
1055 4231 1555 4322 significationi
1617 4231 1742 4300 fut.
1806 4232 1951 4299 ind.
2008 4233 2597 4322 appropinquare.
2648 4229 2747 4299 Cf.
2796 4230 3018 4321 Cap..

645 4368 674 4436 I
747 4367 807 4436 A
869 4366 906 4456 ξ
966 4366 1047 4449 4,
1110 4367 1189 4434 30
1250 4372 1322 4433 et
1384 4364 1549 4453 Cap.
1597 4364 1659 4433 II
1706 4370 1747 4448 ξ
1792 4365 1836 4433 2
1885 4364 1984 4432 n0.
2031 4365 2094 4433 2.
2147 4364 2282 4454 (De
2329 4360 2446 4429 οὐδ’
2490 4367 2561 4427 ἄν
2609 4365 2744 4432 vid.
2793 4364 2961 4453 Cap.

644 4500 738 4569 III
802 4498 840 4581 ἓ
907 4500 1006 4587 5.)
1080 4499 1235 4570 Vid.
1307 4496 1486 4565 Nub.
1560 4519 1658 4565 vs.
1730 4496 1940 4583 1151,
2013 4497 2221 4586 Vesp.
2289 4517 2388 4565 vs.
2435 4496 2601 4582 726,
2652 4498 2812 4584 Lys.
2858 4516 2961 4565 vs.

641 4632 811 4713 140,
859 4632 1041 4701 Plut.
1094 4653 1189 4700 vs,
1237 4630 1345 4698 52.
1398 4630 1513 4699 Sic
1554 4633 1768 4700 etiam
1818 4631 1996 4700 Nub.
2053 4653 2147 4700 vs,
2204 4630 2411 4701 1393:
