3484 5609
1601 580 1675 649 71

549 778 682 845 Ubi
754 777 1106 865 particula
1176 780 1247 840 ἄν
1306 779 1631 865 quamvis
1697 777 2147 846 substantivo
2198 779 2523 867 apposita
2571 785 2809 846 tamen

459 920 621 978 cum
686 911 1182 978 interserendo
1232 911 1548 997 optativo
1600 911 1973 997 potentiali
2018 910 2436 997 ένσταλαχθείη
2482 918 2810 979 constru-

427 1042 640 1130 ‘enda
701 1049 844 1125 est,
914 1042 1083 1123 dum
1151 1037 1279 1105 εὑδέ
1330 1064 1495 1111 cum
1544 1043 1993 1111 substantivo
2042 1040 2420 1133 στριβιλικίγξ
2471 1026 2811 1111 coniunc-

458 1182 612 1242 tum
659 1181 765 1242 est
815 1175 904 1242 ad
956 1176 1094 1241 vim
1144 1176 1539 1263 negationis
1589 1176 2010 1264 augendam.
2063 1176 2161 1243 Cf.
2216 1197 2433 1264 supra
2481 1177 2662 1244 Nub.
2711 1198 2807 1244 vs.

343 1291 357 1301 ⁹
456 1305 637 1374 1396
681 1302 797 1371 οὐδ’
843 1284 1164 1396 ἐρεβίνθοι),
1220 1308 1377 1374 Pac,
1435 1328 1529 1375 VS.
1579 1306 1758 1374 ‘1200
1805 1304 1933 1371 οὐδὲ
1982 1307 2267 1393 κολλύβου
2319 1317 2451 1378 cet.

549 1440 757 1527 Vesp.
823 1460 922 1505 VS.
985 1438 1118 1507 558
1165 1443 1219 1512 ὃς
1267 1439 1354 1526 ἔμ’
1404 1435 1525 1503 οὐδ’
1575 1441 1644 1502 ἄν
1692 1444 1854 1513 ζῶντ’
1904 1435 2059 1527 ᾔδειν
2107 1442 2150 1507 i.
2202 1463 2258 1509 e.
2312 1445 2367 1515 ὃς
2416 1437 2531 1505 οὐδ’
2579 1450 2623 1505 εἰ
2655 1446 2809 1528 ζῴην

457 1566 646 1659 ᾔδειν,
711 1574 825 1659 qui
884 1594 966 1639 ne
1028 1574 1257 1639 sciebat
1315 1574 1578 1659 quidem
1625 1594 1716 1639 an
1761 1575 2072 1658 viverem,
2124 1574 2294 1641 dum
2361 1574 2704 1642 vocabula
2751 1577 2808 1647 ’ὸς

458 1705 549 1790 ἔμ’
620 1699 749 1767 οὐδὲ
812 1707 979 1779 ζῶντ’
1039 1700 1195 1792 ᾔδειν
1256 1705 1445 1773 idem
1508 1704 1993 1793 significarent
2057 1706 2246 1793 quod
2315 1707 2689 1774 vocabula:
2754 1709 2810 1780 ὅς

456 1832 574 1900 οὐδ’
623 1839 700 1901 ὅτι
746 1842 897 1923 ζῴην
940 1832 1094 1925 ᾔδειν
1112 1888 1127 1917 ,
1177 1839 1290 1925 qui
1335 1839 1648 1904 nesciebat
1690 1840 1888 1906 etiam
1937 1860 2037 1905 me
2089 1841 2309 1906 vivere.

1215 2594 1783 2691 CAPUT
1888 2595 2043 2691 IV.

514 2873 541 2890 χ
1528 2877 1739 2884 —-—-

641 3114 733 3160 DE
788 3112 1352 3162 COLLOCATIONE
1410 3112 1880 3161 PARTICULAE
1932 3098 2001 3156 ἄν
2052 3114 2128 3161 IN
2182 3113 2631 3162 SENTENTIA.

918 3340 957 3413 ξ
1021 3336 1085 3399 1.
1179 3334 1288 3395 ’Άν
1336 3334 1530 3400 semel
1576 3334 1650 3399 in
1695 3335 2014 3400 sententia
2053 3335 2357 3421 positum.

551 3575 707 3641 Non
775 3573 1038 3660 ubique
1087 3574 1239 3640 sine
1290 3573 1774 3639 controversia
1824 3572 2043 3638 statui
2093 3578 2365 3658 potest,
2417 3571 2536 3638 ubi
2589 3573 2809 3660 parti·

462 3707 621 3773 cula
692 3724 756 3768 ἄν
803 3707 875 3772 in
927 3706 1281 3773 sententia
1331 3705 1668 3801 ponenda*
1712 3706 1825 3771 sit.
1889 3703 2099 3771 Modo
2149 3703 2441 3771 verbum
2493 3704 2811 3791 proxime

463 3839 857 3927 praecedit,
908 3860 964 3905 e.
1017 3860 1076 3926 g.
1131 3838 1338 3925 Vesp.
1388 3837 1604 3921 1440,
1668 3838 1792 3904 Av.
1848 3858 1944 3904 vs,
1993 3836 2205 3923 1129,
2273 3838 2431 3924 Lys.
2489 3856 2588 3903 vs.
2631 3835 2811 3902 1097

463 3978 626 4054 stet„
675 3972 884 4038 modo
933 3973 1252 4059 proxime
1300 3971 1627 4058 sequitur·
1676 3970 2008 4053 verbum,
2058 3990 2115 4036 e.
2166 3990 2228 4058 g.
2281 3969 2453 4035 Ach.
2499 3989 2598 4035 vs.
2644 3968 2810 4048 543,

461 4103 628 4187 801,
693 4104 820 4191 Eq.
887 4125 985 4172 vs.
1049 4103 1227 4171 1110
1292 4111 1460 4183 cet.‚
1532 4104 1738 4170 modo
1790 4124 1933 4172 uno
1982 4101 2396 4191 pluribusve
2449 4101 2811 4169 vocabulis

438 4257 502 4303 -a
573 4237 787 4304 verbo
859 4237 1182 4304 disiunca
1246 4244 1391 4319 est,
1459 4258 1516 4302 e.
1569 4258 1630 4324 g.
1681 4236 1854 4303 Ach.
1910 4256 2005 4302 vs.
2055 4234 2228 4319 640,
2282 4234 2441 4301 Pac.
2493 4254 2592 4300 vs.
2641 4233 2809 4318 136,

460 4368 580 4436 3511
610 4423 624 4452 ‚
675 4377 886 4457 prout
934 4376 1056 4436 aut
1106 4378 1412 4436 metrum
1460 4376 1583 4435 aut
1625 4387 1845 4435 sonus
1889 4368 2159 4455 poscit,
2201 4374 2325 4434 aut
2353 4367 2581 4434 serius
2610 4367 2810 4433 ocius

464 4501 927 4590 significanda
998 4508 1106 4569 est
1183 4502 1544 4585 mutatio,.
1595 4519 1809 4588 quam
1882 4500 2233 4588 particula
2298 4517 2359 4562 ἄν
2418 4501 2811 4566 sententiae

465 4635 727 4703 afferat.
795 4635 873 4702 In
941 4635 1259 4700 oratione
1328 4641 1518 4700 recta
1588 4633 1864 4700 nullum
1917 4632 2314 4721 exemplum
2366 4632 2810 4717 invenimus,
