3484 5609
1617 576 1698 644 11

478 781 598 846 tur
646 795 801 850 aer.
867 779 1009 863 opt.
1068 794 1233 853 cum
1295 792 1356 837 ew
1421 793 1495 864 a,
1531 773 1657 841 fut.
1722 771 1867 841 ind.
1935 769 2213 855 differt,
2281 770 2462 838 alter
2518 787 2812 857 prorsus

481 908 779 980 eandem
842 928 1057 997 quam
1121 907 1248 976 fut.
1317 905 1462 975 ind.
1535 904 2126 993 significationem
2183 904 2414 971 habet.
2481 902 2580 971 Cf.
2632 902 2814 971 Nub.

480 1062 580 1110 vs.
628 1041 840 1110 1194:

960 1241 1059 1307 οὐκ
1104 1236 1174 1299 ἂν
1220 1237 1493 1321 πιθοίμην·
1544 1238 1605 1297 οὐ
1652 1241 1768 1321 γάρ
1812 1233 1884 1295 ἂν
1929 1230 2127 1301 τλαίην
2173 1227 2303 1295 ἰδεῖν

961 1374 1088 1444 τοὺς
1132 1372 1335 1441 ἱππέας
1382 1373 1443 1432 τὸ
1487 1377 1700 1457 χρῶμα
1743 1361 2257 1453 διακεκναισμένος.

477 1586 550 1648 ἂν
612 1583 809 1653 τλαίην
871 1603 1013 1650 non
1079 1582 1374 1650 eundern
1439 1580 1675 1650 locum
1722 1581 1797 1648 in
1846 1581 2204 1649 sententia
2251 1587 2554 1669 occupat
2602 1602 2814 1669 quem

478 1719 550 1781 ἂν
613 1718 902 1802 πιθοίμην,
968 1714 1157 1804 quod
1223 1714 1445 1802 magis
1510 1733 1800 1782 causam
1857 1713 2159 1799 indicat,
2212 1734 2350 1803 qua
2400 1735 2817 1804 praegressa

477 1849 550 1918 id
601 1855 1194 1937 consequeretur,
1245 1846 1434 1935 quod
1484 1854 1625 1934 opt.
1655 1854 1796 1935 pot.
1827 1850 1899 1910 ἄν
1925 1847 2126 1918 τλαίην
2152 1848 2628 1937 significatur:
2672 1847 2812 1917 Non

479 1984 1025 2071 obtemperaturus
1085 2002 1227 2048 sum
1251 2004 1272 2047 .·
1336 2002 1465 2048 non
1510 1982 1684 2049 enim
1736 1982 1903 2067 (scil.
1956 1982 2014 2048 si
2059 1982 2618 2070 obtemperassent)
2668 2004 2812 2049 sus-

476 2117 745 2184 tinerem
792 2116 1150 2204 conspicere
1194 2116 1454 2203 equites,

565 2248 797 2317 Verba
866 2250 939 2311 ἄν
1007 2250 1267 2335 πιθοίμην
1339 2247 1842 2337 significationi
1914 2247 2137 2316 futuri
2207 2247 2351 2315 ind.
2432 2249 2812 2337 appropin-

477 2387 736 2472 quant,
802 2382 969 2470 quia
1029 2379 1487 2470 Phidippides
1536 2382 1741 2465 dicit,
1792 2380 1961 2467 quid
2016 2400 2257 2447 revera
2307 2402 2446 2449 non
2497 2382 2814 2451 facturus

477 2516 605 2602 sit,
656 2515 777 2583 sed
826 2516 897 2579 ἂν
945 2513 1145 2584 τλαίην
1185 2535 1226 2582 a
1269 2512 1787 2602 significatione
1829 2514 1955 2581 fut.
1996 2513 2139 2580 ind.
2200 2512 2480 2581 differre
2522 2522 2818 2604 apparet·

478 2670 515 2716 e
564 2647 1007 2733 conditione,
1058 2668 1241 2736 quae
1287 2669 1372 2715 ex
1423 2667 1505 2715 eo
1555 2648 1677 2736 qui
1725 2647 2080 2716 antecedit
2105 2650 2419 2735 optativo
2446 2649 2816 2738 potentiali

481 2783 648 2851 huic
697 2787 935 2850 mente
983 2781 1304 2850 addenda
1351 2788 1477 2849 est.

562 2915 758 2984 Idem
829 2915 975 2983 fere
1042 2921 1150 2982 est
1207 2914 1591 2983 discrimen
1655 2915 1844 2982 inter
1907 2915 2368 2996 sententiam,
2430 2934 2568 3003 qua
2630 2914 2812 2984 Nub.

478 3071 574 3119 vs.
636 3048 810 3118 1417
874 3055 1016 3137 opt.
1081 3055 1224 3138 pot.
1288 3052 1577 3136 α’ντείποιμ
1636 3051 1744 3135 ἄν,
1795 3054 1867 3116 et
1914 3068 2055 3137 qua
2096 3047 2262 3116 ibid.
2313 3037 2434 3115 vss
2460 3047 2640 3116 1416
2685 3051 2812 3119 fut.

231 3263 240 3271 ‚
372 3225 378 3231 ·
474 3184 617 3252 ind.
702 3189 895 3273 φήσεις
982 3189 1386 3272 usurpatur.
1483 3181 1815 3272 Optativo
1887 3181 2258 3271 potentiali
2320 3183 2509 3249 enim
2579 3191 2814 3251 mente

477 3318 800 3386 addenda
856 3324 964 3385 est
1011 3317 1324 3385 conditio
1373 3338 1410 3384 e
1460 3316 1915 3405 praecedenti
1966 3317 2205 3384 futuro
2253 3324 2508 3384 sumta.

562 3451 773 3536 Fere,
821 3451 1151 3539 inquam,
1200 3449 1387 3516 idem
1437 3456 1548 3517 est
1597 3449 2018 3535 discrimen,
2068 3470 2210 3517 non
2253 3458 2492 3518 autem
2521 3471 2813 3540 prorsus

472 3584 697 3670 idem;
748 3605 847 3653 vs.
895 3582 1075 3651 1194
1135 3584 1206 3662 ἂν
1271 3580 1470 3652 τλαίην
1533 3584 1722 3651 enim
1790 3582 2002 3651 habet
2064 3583 2575 3670 conditionem,
2631 3606 2812 3672 quae

475 3725 584 3788 est
662 3719 1016 3787 sententia
1080 3718 1400 3806 proximo
1464 3718 1779 3806 optativo
1870 3717 2240 3805 potentiali
2303 3719 2627 3807 opposita
2689 3724 2813 3782 οὐκ

474 3855 546 3916 ἂν
613 3854 868 3939 πιθοίμην
886 3902 903 3933 ‚
974 3856 1036 3916 οὐ
1104 3860 1222 3942 γάρ
1268 3853 1340 3914 ἂν
1386 3849 1585 3920 τλαίην
1631 3845 1763 3915 ἰδεῖν
1811 3850 1995 3937 (scil.
2053 3859 2097 3914 εἰ
2135 3852 2459 3938 πιθοίμην),
2512 3858 2815 3939 οίντείποιμ·

473 4006 537 4050 αν
606 3991 845 4055 autem
907 3985 1124 4054 habet
1193 3985 1671 4053 conditionem
1735 4004 1821 4052 ex
1867 3984 2023 4073 ipso
2071 3984 2526 4076 praecedenti
2571 3985 2812 4054 futuro

475 4126 801 4188 sumtam.
853 4118 1190 4207 Legimus
1232 4118 1429 4186 enim
1468 4116 1512 4185 l.
1563 4116 1642 4186 1.:
2299 4096 2303 4099 Α

846 4348 1042 4431 φήσεις
1084 4341 1402 4427 νομίζεσθαι
1446 4345 1522 4403 σὺ
1569 4335 1769 4414 παιδὸς
1814 4347 1975 4404 τοῦτο
2020 4337 2251 4429 τοῦργον
2297 4340 2434 4402 εἶναι

854 4480 965 4564 ἐγὼ
1027 4469 1091 4539 δέ
1152 4479 1204 4564 y’
1263 4477 1565 4561 ἀντείποιμ’
1628 4476 1699 4536 ἄν
1749 4473 1934 4560 (scil.
1977 4481 2020 4536 εὶ
2059 4474 2283 4562 φαίης).

568 4670 720 4746 Qua
790 4690 866 4737 re
935 4676 1129 4759 patet
1192 4670 1325 4737 hoc
1397 4668 1716 4738 futurum
1790 4668 2188 4758 significare
2252 4669 2805 4757 praedictionem
