3484 5609
1697 536 1786 603 13

787 769 985 856 α’μέλει
1004 821 1018 850 ,
1059 771 1281 859 Θαρρῶν
1327 771 1533 832 οὕνεκα
1578 774 1795 833 τούτων
1843 769 2235 854 ἐπιχαλκεύειν
2281 771 2583 856 παρέχοιμ’
2630 790 2710 833 ἀν.

582 973 765 1061 (scil.
837 981 880 1035 εὶ
946 973 1170 1063 χρείη).
1269 972 1366 1040 Cf.
1441 972 1625 1042 Nub.
1700 994 1798 1041 vs.
1871 973 2022 1041 647.
2127 973 2253 1041 Av.
2331 996 2432 1042 vs.
2503 974 2673 1059 669,
2760 973 2911 1041 892.

665 1107 870 1195 Vesp.
929 1105 1092 1175 348:
1150 1111 1224 1182 ὡς
1269 1119 1385 1170 πᾶν
1434 1107 1612 1196 ἔγωγε
1659 1115 1887 1177 ποιοίην.

650 1240 773 1341 ‘Ad
846 1261 1057 1328 quem
1127 1248 1269 1328 opt.
1336 1242 1750 1328 particulam
1815 1260 1876 1305 ow
1950 1240 2474 1326 desideramuS,
2524 1261 2706 1329 quae
2753 1245 2915 1328 post

573 1386 690 1437 πᾶν
741 1374 947 1442 facile
995 1373 1342 1442 excidisse
1390 1381 1661 1463 potest,
1712 1380 1782 1441 et
1832 1383 2023 1465 recte
2063 1393 2103 1441 a
2151 1374 2469 1442 Bentleio
2518 1374 2759 1441 addita
2785 1379 2913 1440 est.

486 1569 491 1574 .
581 1507 767 1593 (Vid.
821 1507 1022 1574 Dind.
1077 1506 1120 1574 l.
1170 1507 1264 1593 1.).

665 1641 900 1708 PraeS.
975 1648 1116 1727 opt.
1193 1661 1355 1709 cum
1427 1658 1487 1703 sev
1536 1640 1725 1728 quod
1776 1661 1811 1707 a
1864 1641 1990 1708 fut.
2041 1641 2184 1708 ind.
2237 1639 2504 1736 differt,
2555 1642 2692 1708 nisi
2741 1641 2915 1707 haec

575 1773 886 1841 conditio
951 1780 1060 1841 est
1125 1773 1404 1858 addita,
1474 1774 1662 1842 siout
1727 1793 1868 1841 aor.
1935 1782 2075 1862 opt.
2137 1774 2554 1863 plerumque
2605 1775 2917 1841 occurrit

573 1906 646 1973 in
694 1906 1395 1995 interrogationibus.
1447 1906 1548 1975 Cf.
1598 1906 1727 1974 Av.
1780 1926 1880 1974 vs.
1935 1905 2081 1974 127.

666 2039 765 2106 De
846 2040 1160 2128 optativo
1247 2040 1619 2128 potentiali
1700 2060 1831 2128 pro
1917 2042 2372 2110 coniunctivo
2454 2039 2915 2110 deliberativo

575 2172 894 2240 adhibito
944 2173 1078 2240 vid.
1130 2157 1298 2262 Cap.
1345 2174 1375 2241 1
1424 2172 1486 2240 A
1526 2178 1565 2255 ξ
1606 2173 1670 2241 3.

664 2306 1209 2402 Nonnunquam
1265 2326 1489 2393 praes.
1565 2315 1702 2395 opt.
1773 2327 1934 2374 cum
2004 2327 2064 2369 ειν
2113 2308 2184 2373 in
2237 2306 2915 2395 interrogationibus

576 2438 1170 2528 significationem
1235 2439 1448 2507 habet
1512 2459 1738 2528 praes.
1806 2439 1949 2506 ind.
2005 2435 2421 2527 Exemplum
2475 2440 2795 2508 videmus
2841 2441 2916 2507 in

579 2575 820 2663 fragm.
875 2574 1374 2661 Aristophanis
1439 2569 1784 2663 Γηρυτάδου
1835 2575 2024 2661 apud
2075 2572 2521 2642 Athenaeum
2582 2574 2710 2641 XII
2756 2594 2913 2662 pag.

573 2707 699 2775 551
752 2728 793 2775 a
844 2708 1017 2795 (vid.
1072 2708 1301 2775 Dindf.
1355 2728 1573 2796 ragm.
1623 2707 1822 2795 198):

787 2966 844 3007 α.
939 2949 1036 3003 καὶ
1081 2946 1220 3014 τίνες
1265 2956 1326 3003 ἂν
1373 2939 1514 3024 εἶεν;
1622 2936 1686 3022 β.
1759 2947 1963 3027 πρῶτα
2009 2942 2112 3025 μὲν
2160 2939 2482 3029 Σαννυρίων
2529 2944 2647 3006 κτὲ.

577 3190 706 3258 Hic
753 3191 823 3252 ἂν
870 3188 971 3251 εἷεν
1018 3208 1313 3276 prorsus
1360 3187 1550 3256 idem
1604 3186 1961 3277 significat
2010 3208 2091 3256 ac
2139 3189 2200 3256 si
2248 3196 2383 3252 εἰσίν
2431 3188 2803 3273 legeretur.

669 3323 1235 3411 Nonnunquam,
1289 3322 1612 3409 quamvis
1662 3321 1896 3392 rarius
1950 3342 2163 3410 quam
2217 3344 2390 3407 a0r.‚
2441 3323 2654 3391 etiam
2696 3344 2918 3412 praes.
3050 3370 3061 3382 .

576 3465 714 3545 opt.
790 3477 952 3524 oum
1022 3473 1084 3518 ἅν
1152 3428 1744 3544 significationem
1819 3455 2041 3525 futuri
2107 3457 2253 3524 ind.
2328 3455 2561 3524 habet.
2650 3456 2919 3524 Indicia

575 3591 726 3659 eius
792 3590 1280 3658 similitudinis
1345 3588 1592 3657 eadem
1641 3596 1847 3676 sunt,
1896 3610 2078 3678 quae
2127 3590 2214 3658 ad
2264 3610 2406 3658 aor.
2461 3597 2601 3678 opt.
2653 3610 2916 3657 memo-

548 3724 907 3792 ravimus,
960 3725 1035 3791 E.
1088 3744 1149 3812 g.
1203 3724 1385 3792 Plut.
1440 3744 1539 3792 vs.
1594 3723 1763 3792 874:

962 3969 1036 4028 σὺ
1075 3969 1178 4050 μὲν
1224 3971 1296 4039 εὶς
1342 3971 1560 4054 ἀγοράν
1607 3970 1700 4028 ἰὼν
1748 3968 1973 4050 ταχέως
2022 3971 2123 4029 οὐκ
2169 3966 2240 4029 ἂν
2286 3967 2537 4055 φθάνοις;

577 4203 701 4273 ubi
766 4223 993 4293 praes.
1066 4210 1206 4293 opt.
1282 4223 1444 4272 cum
1519 4218 1614 4267 ἄν’
1652 4204 1840 4273 sicut
1913 4205 2039 4273 fut.
2107 4205 2249 4273 ind.
2314 4204 2470 4273 loco
2516 4205 2918 4293 imperativi

578 4336 985 4405 adhibetur.
1056 4336 1155 4405 Cf.
1223 4336 1389 4425 Cap.
1454 4337 1483 4403 I
1537 4336 1619 4404 A.
1690 4342 1729 4419 ξ
1799 4337 1862 4405 4.
1911 4336 1990 4404 20
2034 4338 2134 4424 a).
2199 4338 2544 4425 Bergkius
2608 4343 2679 4405 et
2744 4338 2916 4406 Mei-

584 4469 838 4538 nekius
927 4470 1210 4558 signum
1284 4470 1864 4559 interrogationis
1940 4478 2207 4541 temere
2278 4472 2691 4540 omiserunt.
2762 4471 2915 4540 Vid.

587 4601 794 4671 Dind.
845 4601 888 4668 l.
941 4603 1020 4670 l.-
