3484 5609
1515 1447 1977 1547 CAPUT
2062 1450 2127 1547 I.

1076 2015 1497 2067 PARTICULA
1561 2001 1632 2061 ἅν
1700 2017 1775 2066 IN
1844 2015 2227 2067 oRATIoNE
2291 2015 2558 2065 RECTA.

738 2246 896 2314 Duo
983 2246 1366 2335 praecipua
1454 2267 1714 2336 genera
1803 2254 1970 2315 sunt
2056 2245 2574 2319 sententiarum
2645 2244 2731 2312 ad
2805 2265 2984 2334 quas

646 2378 1162 2447 construendas
1208 2384 1282 2443 ἄν
1328 2379 1740 2463 adhibetur,
1789 2378 2093 2448 alterum
2120 2378 2462 2446 orationis
2488 2385 2760 2463 rectae,
2809 2377 2983 2446 alte-

647 2534 804 2581 rum
877 2512 1244 2602 obliquae,
1315 2519 1604 2602 tamque
1674 2513 1955 2581 diversa
2020 2519 2128 2581 est
2182 2499 2620 2602 significatio
2683 2518 2754 2580 et
2816 2533 2982 2581 con—

647 2646 945 2714 structio
1008 2646 1081 2714 in
1149 2652 1453 2737 utroque
1500 2667 1797 2737 genere,
1845 2652 1925 2715 ut
1972 2666 2092 2714 eas
2142 2647 2523 2734 separatim
2574 2645 2983 2713 tractandas

646 2779 1039 2847 statuerim.
1100 2780 1238 2847 Eas
1286 2787 1523 2850 autem
1573 2780 1966 2848 sententias
2013 2780 2371 2848 orationis·
2401 2779 2731 2869 obliquae
2778 2787 2982 2868 sepa-2
3031 2857 3034 2858 ⁷

645 2913 856 2980 ratim
921 2933 962 2980 a
1032 2914 1408 2983 sententiis
1472 2913 1814 2982 orationis
1864 2920 2100 2981 rectae
2147 2919 2455 2981 tractare
2504 2913 2696 2998 v010,
2743 2912 2867 2981 ubi
2912 2915 2982 3005 ἄη

646 3050 936 3134 propter
1012 3046 1241 3135 ipsam
1314 3053 1656 3115 *naturam
1744 3047 2086 3115 orationis
2164 3029 2495 3135 obliquae
2566 3044 2979 3132 adhibetur,

646 3178 957 3268 exempli
1028 3180 1254 3268 gratia
1323 3181 1411 3248 ad
1481 3180 2018 3250 coniunctivum
2089 3180 2164 3247 in
2234 3180 2588 3248 sententia
2653 3179 2979 3265 relativa,
3072 3200 3074 3203 ⁴

645 3312 1053 3401 temporali,
1103 3313 1563 3382 conditionali
1612 3289 1925 3383 et'finali
1974 3319 2045 3382 et
2066 3314 2144 3382 in
2169 3312 2585 3402 quaestione
2610 3313 2979 3381 indirecta.

647 3445 828 3514 Sunt
897 3447 1087 3515 enim
1158 3454 1479 3536 tempora
1542 3455 1612 3515 et
1676 3447 1866 3516 modi
1915 3427 2147 3533 ve‘rbi,
2204 3467 2509 3537 quorum
2559 3446 2981 3536 significatio

641 3581 991 3670 particula
1052 3585 1123 3645 ἄν
1179 3582 1498 3651 adhibita
1545 3581 1791 3651 eodem
1840 3582 2049 3650 modo
2097 3602 2375 3671 semper
2422 3587 2776 3666 mutatur,
2833 3582 2980 3651 sive

644 3715 817 3783 haec
863 3717 939 3783 in
989 3716 1306 3784 oratione
1354 3722 1550 3783 recta
1595 3714 2067 3799 adhibentur,
2117 3716 2265 3784 sive
2313 3716 2384 3783 in
2436 3714 2755 3805 obliqua:
2807 3737 2866 3784 e.
2916 3737 3019 3805 g.,

645 3849 832 3937 quod
896 3850 1154 3917 attinet
1221 3850 1307 3918 ad
1380 3849 1804 3939 particulam
1875 3852 1983 3932 ἄν,
2032 3849 2327 3938 perinde
2376 3856 2521 3936 est,
2565 3855 2806 3918 utrum
2855 3869 2979 3938 op-

643 3983 1378 4078 tatixtus'potentialis
1427 3983 1535 4051 vel
1584 3984 2049 4073 praeteritum
2100 4004 2262 4052 cum
2310 3987 2380 4047 ἄν
2427 3983 2851 4052 adhibeatur
2903 3983 2977 4051 in

643 4089 961 4187 oratione
1023 4123 1263 4203 recta,
1350 4137 1441 4186 an
1510 4117 1584 4186 in
1657 4117 1967 4207 obliqua.
2041 4116 2140 4185 cf.
2205 4116 2332 4184 Av.
2407 4137 2505 4185 vs.
2574 4116 2742 4197 196,
2808 4116 2978 4201 628,

641 4250 854 4336 1129,
900 4250 1083 4319 Nub.
1134 4272 1234 4319 vs.
1288 4250 1498 4336 1151,
1543 4250 1740 4337 2182.

730 4386 812 4453 In
859 4385 1181 4453 oratione
1229 4391 1425 4452 recta
1472 4387 1543 4448 ἄν
1590 4391 1827 4473 potest
1873 4391 1997 4452 aut
2034 4361 2337 4451 *omnino
2386 4389 2662 4451 mutare
2710 4382 2977 4472 signifi-

643 4519 996 4587 cationem
1057 4519 1398 4607 temporis
1464 4517 1572 4585 vel
1638 4517 1831 4586 modi
1896 4517 2128 4603 verbi,
2200 4487 2322 4585 aut
2386 4517 2452 4585 ei
2498 4516 2767 4606 aliquid
2815 4516 2980 4584 novi

644 4651 923 4721 addere.
997 4651 1375 4741 Optativus
1448 4651 1705 4720 modus
1774 4652 1850 4718 in
1922 4651 2239 4718 oratione
2304 4656 2499 4720 recta
2559 4650 2979 4739 plerumque
