3484 5609
1537 558 1624 633 57

427 763 752 848 verbum,
808 760 999 832 unde
1059 782 1201 832 aor.
1252 763 1430 832 coni.
1481 762 1778 851 pendet,
1835 769 1943 831 est
1988 758 2309 833 futurum
2357 757 2468 830 vel
2520 758 2746 833 futuri

427 898 760 987 temporis
823 896 1410 988 significationem
1466 895 1714 981 habet,
1778 896 1895 963 hic
1936 915 2080 964 aor.
2131 895 2311 965 coni.
2361 895 2548 964 idem
2598 896 2739 986 sig-

426 1032 664 1101 nificat
710 1031 900 1121 quod
947 1030 1272 1100 futurum
1319 1037 1669 1099 exactum.
2474 1128 2478 1133 .

510 1165 586 1235 Ε.
637 1186 698 1253 g.
763 1165 953 1253 apud
1021 1164 1147 1233 fut.
1224 1163 1366 1232 ind.
1416 1164 1546 1231 Av.
1597 1183 1695 1231 vs.
1741 1162 1866 1250 53,
1913 1161 2081 1248 167,
2130 1160 2300 1250 183,
2348 1161 2517 1249 204,
2565 1162 2741 1247 342,

421 1297 584 1384 383,
631 1298 799 1377 458,
866 1297 1074 1382 1086,
1144 1296 1354 1380 1102,
1430 1296 1635 1381 1408,
1704 1294 1918 1383 1642,
1991 1295 2172 1364 Nub.
2241 1317 2337 1364 vs.
2388 1295 2509 1382 77,
2565 1296 2739 1382 536,

420 1430 583 1519 942,
652 1429 820 1515 945,
888 1428 1100 1509 1079,
1146 1426 1357 1515 1083,
1403 1427 1623 1510 1087,
1667 1427 1885 1515 1121,
1936 1429 2061 1518 Eq.
2112 1449 2211 1498 vs.
2260 1427 2409 1497 210.
2491 1429 2739 1519 Itaque

423 1563 544 1653 Eq.
593 1584 696 1631 vs.
741 1562 876 1632 698
919 1563 1235 1653 legatur:

737 1784 876 1855 KA.
936 1785 1081 1851 οὔτοι
1124 1793 1210 1874 μά
1254 1793 1359 1856 τὴν
1404 1788 1668 1877 Δήμητρ’
1712 1790 1811 1850 ἐάν
1859 1792 1943 1872 μή
1989 1790 2042 1851 σ’
2090 1791 2324 1879 ἐκφάγω

944 1923 1007 1983 ἐκ
1053 1915 1217 1995 τῆςὸε
1262 1930 1363 1995 τῆς
1406 1930 1514 2009 γῆς
1533 1970 1549 2000 ,
1596 1915 1861 1984 οὐδέποτε
1908 1917 2212 2006 βιώσομαι.

737 2053 876 2121 ΑΛ.
946 2055 1014 2123 ἢν
1058 2059 1142 2140 μὴ
1186 2051 1463 2143 ’κφάγῃς;
1510 2057 1622 2142 ἐγὼ
1669 2047 1734 2117 δέ
1780 2058 1834 2143 y'
1879 2053 1948 2122 ἢν
1993 2060 2074 2139 μή
2121 2023 2180 2117 σ’
2229 2058 2404 2118 ἐκπίω

945 2187 1058 2270 κᾷτ
1110 2187 1254 2274 (vel
1295 2186 1436 2274 κᾶν)
1462 2176 1812 2276 ’ἐκροφήσας
1856 2191 2025 2262 αὐτὸς
2068 2182 2475 2278 ἐπιδιαρραγῶ.

502 2428 909 2498 Particulae
969 2432 1069 2491 ἐάν
1131 2434 1202 2496 et
1247 2429 1317 2496 ἦν
1362 2428 1551 2496 enim
1600 2428 1715 2495 hic
1762 2427 2204 2496 adhibendae
2268 2436 2438 2497 sunt
2483 2450 2611 2519 pro
2658 2429 2744 2498 li-

422 2564 728 2647 brorum
783 2563 1084 2631 lectione
1153 2581 1316 2631 cum
1385 2569 1428 2625 εἰ
1494 2582 1706 2651 quam
1773 2568 2015 2631 tuetur
2077 2563 2528 2631 Hermannus
2591 2564 2745 2632 Lib.

430 2699 487 2767 II
539 2717 692 2788 cap.
741 2695 780 2763 7
829 2703 899 2764 et
946 2695 1151 2764 Dind.
1203 2696 1245 2763 l.
1293 2695 1338 2764 l.
1407 2694 1546 2764 Sed
1603 2697 1770 2784 quia
1814 2693 2099 2783 βιώσομαι
2148 2696 2261 2764 hic
2311 2703 2552 2765 votum
2603 2698 2742 2787 sig÷

429 2830 664 2901 nificat
731 2831 945 2899 etiam
1011 2837 1056 2894 εἰ
1124 2848 1307 2897 cum.
1379 2836 1522 2918 opt.
1595 2836 1836 2918 posset
1898 2829 2218 2899 adhiberi
2283 2831 2401 2917 (cf.
2467 2850 2618 2919 cap.
2684 2831 2746 2900 II

429 2964 458 3054 ἕ
498 2943 621 3055 2),
668 2932 808 3032 nisi
852 2969 1280 3053 repugnaret
1327 2968 1654 3032 metrum.

508 3100 634 3190 Eq.
686 3119 787 3167 vs.
831 3097 966 3169 805
1011 3117 1205 3187 seqq.
1253 3096 1562 3187 legatur:

631 3323 701 3391 ἢν
744 3316 811 3386 δέ
857 3326 973 3386 ποτ’
1018 3329 1089 3396 εἰς
1132 3327 1309 3410 ἀγρὸν
1353 3318 1504 3395 οὖτος
1548 3318 1807 3385 ἀπελθὼν
1855 3329 2127 3411 εἰρηναῖος
2177 3316 2449 3413 διατρίψῃ

626 3465 724 3519 καὶ
767 3450 948 3546 χῖδρα
990 3460 1185 3545 φαγὼν
1229 3455 1608 3544 ἀναθαρρήσῃ
1654 3456 1751 3518 καὶ
1797 3453 2100 3546 στεμφύλῳ
2147 3460 2201 3529 ἐς
2247 3455 2408 3544 λόγον
2455 3455 2623 3520 ἐλθὼν

628 3594 911 3680 γνώσεται
955 3593 1080 3652 οἴων
1126 3590 1359 3678 ἀγαθῶν
1404 3592 1572 3652 αὑτὸν
1613 3598 1686 3675 τῇ
1733 3590 2044 3679 μισθοφορᾷ
2092 3593 2472 3679 παρεκόπτου·

511 3829 837 3899 Conditio
898 3827 1165 3917 aliquid
1228 3827 1484 3896 incerti
1548 3826 1808 3895 habeat
1867 3847 2157 3896 necesse
2204 3835 2345 3915 est,
2394 3848 2606 3918 quam
2655 3826 2744 3896 ob

425 3983 711 4034 causam
778 3964 849 4032 ἢν
897 4012 912 4028 .
940 4012 956 4028 .
986 4016 1001 4030 .
1030 4011 1045 4027 .
1089 3957 1363 4052 διατρίψῃ
1611 3963 1992 4053 ἀναθαρρήσῃ
2062 3962 2380 4051 praefero
2458 3962 2744 4030 lectioni

425 4097 753 4166 Meinekii
811 4104 854 4160 εἰ
880 4145 895 4161 .
924 4144 939 4160 .
970 4146 986 4162 .
1016 4146 1030 4161 .
1055 4090 1335 4185 διατρίψει
1361 4144 1376 4160 .
1406 4147 1420 4161 .
1451 4144 1465 4160 .
1495 4148 1509 4162 .
1536 4096 1929 4186 α’ναθαρρήσει
1986 4115 2169 4186 quae
2232 4101 2507 4165 certum
2568 4102 2745 4164 tem·

403 4233 614 4319 ‚poris
678 4236 1116 4299 momentum
1162 4227 1451 4297 indicat.
1523 4228 1823 4296 Prorsus
1873 4235 2113 4296 autem
2161 4226 2484 4317 improbo
2530 4227 2745 4296 libro-

426 4387 582 4434 rum
629 4364 823 4434 MSS.
872 4365 1249 4432 lectionem
1297 4382 1509 4452 quam
1558 4365 2014 4432 retinuerunt
2062 4364 2513 4432 Hermannus
2557 4363 2745 4453 (Lib.

427 4498 485 4567 II
556 4498 720 4589 Cap.
793 4496 900 4587 7),
967 4496 1410 4583 DindorfiuS,
1476 4496 1824 4586 Bergkius
1873 4496 2030 4587 (Ed.
2081 4497 2124 4565 l.
2189 4496 2267 4586 l.)
2322 4497 2463 4565 alii.
2511 4506 2555 4562 εὶ

427 4627 694 4724 διατρίψῃ
756 4682 809 4698 ..
839 4682 854 4696 .
882 4681 897 4697 .
960 4634 1339 4723 α’ναθαρρήσῃ
1358 4682 1374 4712 ,
1433 4632 1600 4722 quia
1648 4632 1737 4700 ad
1787 4632 1915 4699 hos
1965 4632 2451 4700 coniunctivos
2497 4610 2745 4701 neces-

2493 4744 2523 4789 e
