3484 5609
1832 590 1923 659 54

805 786 942 855 Ubi
1009 788 1101 851 ὅτε
1167 784 1308 862 λέξει
1368 784 1802 876 significaret
1878 791 2145 855 certam
2225 786 2584 875 quandam
2656 786 3054 870 actionem,

716 940 938 1009 quum
1002 919 1119 988 hic
1182 917 1628 987 indefinitum
1687 919 2029 1009 temporis
2079 925 2515 988 momentum
2566 918 2872 988 formula
2919 921 3055 983 ὅταν

574 1043 579 1048 ’
716 1052 855 1142 λέγῃ
901 1051 1286 1142 significari
1334 1072 1624 1120 necesse
1672 1059 1799 1121 est.

806 1186 965 1255 Alia
1027 1185 1386 1276 exempla,
1453 1184 1576 1254 ubi
1625 1187 1805 1255 coni.
1858 1205 2082 1276 pmes.
2136 1185 2525 1277 significat,
2575 1187 2749 1276 quid
2796 1186 2928 1254 fiat
2975 1204 3057 1252 eo

718 1328 1074 1409 tempore,
1144 1340 1286 1409 quo
1346 1321 1714 1410 peragitur
1776 1319 1849 1388 id
1913 1319 2104 1410 quod
2168 1318 2382 1389 verbo
2443 1320 2804 1389 indicatur
2865 1318 3058 1387 unde

720 1454 1015 1543 pendet,
1063 1441 1757 1522 inveni'unturNub.
1808 1475 1904 1523 vs.
1954 1455 2127 1537 244,
2172 1452 2299 1522 391
2328 1506 2345 1538 ,
2390 1452 2560 1539 992,
2601 1451 3059 1536 1008,1124,

720 1584 933 1668 1128,
1001 1586 1212 1672 1211,
1285 1587 1410 1655 Av.
1478 1608 1578 1654 vs.
1642 1587 1809 1674 450,
1872 1587 2039 1672 519,
2098 1587 2265 1674 559,
2330 1587 2500 1670 564,
2565 1585 2773 1670 1114,
2841 1585 3059 1667 1115,

719 1720 931 1804 1550,
991 1719 1199 1805 1601,
1251 1718 1461 1801 1672,
1509 1719 1719 1801 1619,
1769 1720 1981 1805 1623,
2026 1719 2195 1804 565,
2243 1720 2413 1805 566,
2459 1719 2612 1788 567.
2685 1720 2785 1788 Cf.
2837 1720 3057 1787 etiam

719 1853 846 1922 Av.
897 1873 994 1922 vs.
1044 1852 1176 1922 758
1221 1874 1383 1921 cum
1438 1874 1538 1922 vs.
1589 1854 1719 1922 757
1768 1862 1840 1923 et
1887 1852 2211 1922 versibus
2260 1873 2493 1943 seqq.,
2548 1860 2617 1920 et
2665 1852 2845 1921 1598
2892 1873 3057 1920 cum

721 2008 819 2056 vs.
867 1986 1060 2056 1597.

811 2121 1337 2211 Nonnunquam
1387 2123 1567 2191 coni.
1619 2143 1842 2212 praeS.
1896 2120 2241 2210 significat
2271 2174 2287 2204 ‚
2337 2119 2507 2209 quid
2555 2119 2677 2187 fiat
2723 2140 2867 2187 non
2900 2124 3060 2185 tan-

723 2263 873 2323 tum
924 2276 1007 2323 eo
1056 2262 1414 2346 tempore,
1463 2276 1605 2345 quo
1653 2256 2016 2345 peragitur
2062 2255 2172 2339 id,
2214 2254 2401 2343 quod
2430 2252 2719 2323 verbum
2748 2252 3063 2335 indicat,

723 2387 913 2456 unde
978 2388 1272 2478 pendet,
1320 2389 1443 2456 sed
1492 2390 1703 2457 etiam
1756 2387 1926 2477 quid
1979 2387 2244 2457 sactum
2293 2388 2386 2456 sit
2432 2394 2598 2455 ante
2645 2385 2821 2453 inud
2874 2392 3058 2452 tem-

724 2542 859 2610 pus
905 2529 975 2591 et
1021 2523 1177 2612 ipso
1225 2522 1582 2610 praesenti
1630 2530 1953 2611 tempore
2000 2521 2141 2588 fiat.

816 2655 1198 2724 Videamus
1245 2678 1302 2724 e.
1354 2677 1415 2745 g.
1465 2656 1590 2724 Av.
1645 2678 1741 2723 vs.
1791 2655 1999 2724 1610:

1250 2919 1350 2978 ἑοὶν
1393 2909 1460 2979 δὲ
1505 2918 1631 2990 τοὺς
1674 2916 1820 3005 ὅρνις
1860 2914 2031 3000 ἔχητε
2076 2920 2422 3000 συμμάχους

1253 3050 1390 3113 ὅταν
1436 3053 1617 3138 ὀμνύῃ
1664 3073 1742 3123 τις
1788 3054 1881 3113 τὸν
1919 3050 2140 3139 κόρακα
2182 3048 2280 3110 καὶ
2324 3052 2417 3111 τὸν
2463 3046 2577 3110 Δία

1252 3188 1279 3246 ὀ
1326 3178 1502 3274 κόραξ
1544 3180 1840 3263 παρελθὼν
1885 3186 2337 3271 τούπιορκοῦντος
2382 3179 2569 3270 λάθρα

1252 3319 1666 3408 προσπτόμενος
1711 3313 1934 3402 ἐκκόψει
1976 3320 2071 3379 τὸν
2115 3312 2397 3405 ὀφθαλμὸν
2440 3316 2629 3380 θενών.

821 3611 957 3680 Ubi
1002 3612 1180 3701 ὀμνύῃ
1243 3617 1345 3679 est
1413 3611 1656 3711 eedem
1723 3617 2042 3699 tempore
2089 3629 2231 3699 quo
2278 3609 2536 3696 ἓκκοψει,
2598 3610 2768 3694 ἔχητε
2814 3615 3054 3676 autem

732 3764 874 3812 non
944 3751 1224 3814 tantum
1309 3750 1418 3812 est
1469 3738 1757 3813 'eodem
1830 3751 2182 3831 tempore,
2276 3743 2397 3810 sed
2468 3743 2678 3810 etiam
2748 3747 2913 3809 ante
2983 3739 3053 3806 id

732 3886 1031 3967 tempus.

819 4010 916 4078 Cf.
974 4009 1183 4099 Vesp.
1234 4030 1332 4077 vs.
1383 4009 1590 4078 1071:

1149 4264 1200 4325 εἴ
1241 4284 1323 4335 τις
1371 4267 1528 4347 ὑμῶν
1548 4309 1563 4338 ,
1611 4258 1658 4322 ὦ
1704 4260 1903 4323 Θεοῐτοιι
1921 4308 1937 4338 ,
1985 4263 2088 4327 τὴν
2132 4262 2274 4344 ἐμὴν
2317 4251 2449 4321 ἰδὼν
2492 4261 2657 4347 φύσιν

1154 4392 1276 4457 εἶτα
1319 4394 1590 4479 Θαυμάζει
1634 4396 1692 4479 μ’
1739 4393 1883 4480 ὁρῶν
1925 4393 2096 4478 μέσον
2139 4384 2588 4481 διεσφηκωμένον
2606 4439 2622 4469 ,
2681 4373 2695 4382 ’

1154 4531 1275 4601 ἥτις
1316 4531 1476 4613 ἡμῶν
1522 4530 1674 4590 ἐστιν
1715 4529 1755 4595 ἡ
1806 4524 2004 4589 ’πινοίοι
2048 4534 2151 4599 τῆς
2197 4518 2543 4616 ἐγκεντρίδος
2562 4574 2580 4608 ,

1152 4654 1368 4750 ῥᾳδίως
1410 4664 1521 4749 ἐγὼ
1564 4653 1814 4739 διδάξω,
1862 4658 1970 4722 κᾶν
2014 4663 2267 4746 ἄμουσος
2307 4656 2345 4746 ᾖ
2390 4662 2453 4722 τό
2494 4663 2643 4748 πρίν.
