3484 5609
1755 585 1848 653 40

746 783 977 851 Etiam
1027 784 1186 851 Pac.
1235 803 1336 851 vs.
1381 781 1472 851 32
1517 802 1681 851 cum
1728 782 2041 872 Reisigio
2089 782 2483 851 scribatur:

1250 975 1452 1070 ἔρειδε,
1498 984 1584 1067 μή
1626 983 1878 1043 παύσαιο
1921 983 2129 1066 μήποτ’
2172 980 2371 1042 ἐσθίων

1251 1116 1419 1199 τέως,
1464 1115 1568 1188 ἕως
1609 1110 1797 1187 λάθοις
1841 1107 2206 1203 διαρραγείς,

650 1307 836 1384 λάθοις
881 1308 1228 1396 rescripto
1274 1327 1403 1397 pro
1450 1307 1629 1397 λάθῃς
1677 1306 1870 1397 quod
1917 1306 2081 1376 libri
2128 1308 2493 1396 praebent.

738 1440 836 1509 20.
905 1441 1313 1510 Sententiae
1383 1442 1776 1530 pendentes
1844 1440 1934 1509 ab
2003 1442 2319 1529 optativo
2383 1441 2757 1529 potentiali
2818 1462 2989 1510 con-

650 1581 1032 1644 struuntur
1077 1596 1240 1644 cum
1289 1575 1480 1645 nudo
1527 1575 1882 1664 optative,
1927 1574 2051 1643 ubi
2098 1575 2458 1663 optativus
2499 1574 2908 1664 potentialis
2944 1594 2988 1643 a

651 1707 1171 1796 significatione
1218 1708 1443 1777 futuri
1482 1707 1851 1777 indicativi
1899 1706 2168 1777 differt:
2231 1706 2416 1777 Nub.
2466 1729 2563 1776 vs,
2604 1707 2773 1794 108,
2817 1710 2990 1795 870,

650 1842 830 1910 Ran.
878 1862 979 1911 vs.
1025 1841 1150 1921 96,
1195 1840 1371 1927 585,
1414 1841 1542 1911 Αν.
1585 1862 1685 1910 vs.
1711 1839 1847 1910 128
1871 1847 1943 1909 et
1964 1840 2131 1923 130,
2180 1841 2306 1911 ubi
2330 1848 2474 1932 opt.
2500 1850 2646 1932 pot.
2673 1862 2759 1911 ex
2784 1862 2987 1932 prae·

650 1977 911 2066 gressis
960 1975 1393 2065 repetendus
1433 1982 1574 2043 est:
1625 1974 1754 2043 Av.
1795 1995 1896 2044 vs.
1937 1974 2108 2062 164,
2154 1974 2287 2043 197
2305 2017 2324 2062 ‚
2365 1977 2491 2045 sed
2531 1978 2988 2045 coniunctivo

651 2130 813 2177 cum
860 2126 961 2196 ew,
997 2107 1123 2177 ubi
1147 2108 1507 2197 optativus
1531 2108 1936 2197 poientialis
1961 2108 2202 2177 futuro
2227 2109 2596 2178 indicativi
2620 2110 2985 2201 congmit:

647 2243 829 2312 Nub.
874 2262 973 2310 vs.
1002 2240 1169 2330 118,
1194 2240 1409 2327 1152,
1451 2241 1658 2331 Vesp.
1687 2262 1788 2310 vs.
1817 2240 1985 2328 726,
2027 2243 2187 2329 [γε.
2216 2263 2316 2311 νε.
2346 2241 2510 2325 140,
2537 2242 2721 2311 Plut.
2748 2264 2848 2311 vs.
2873 2244 2985 2312 52.

733 2376 830 2445 30.
881 2375 1292 2446 Sententiae
1338 2376 1732 2465 pendentes
1779 2396 1821 2444 a
1868 2378 2254 2465 praeterito
2301 2397 2467 2445 cum
2512 2395 2576 2441 ow
2615 2378 2688 2445 in
2731 2399 2810 2446 re
2834 2395 2984 2447 non

649 2511 838 2579 facta
885 2515 1406 2579 construuntur
1444 2530 1608 2579 cum
1649 2511 2037 2600 praeterito
2085 2511 2484 2579 indicativi:
2533 2510 2661 2579 Av.
2686 2531 2785 2579 νε.
2814 2510 2986 2596 786,

647 2644 814 2734 787,
886 2645 1070 2714 Nub.
1136 2665 1233 2713 vs.
1282 2643 1443 2725 231,
1492 2644 1668 2713 Ran.
1721 2664 1822 2711 vs.
1867 2642 2349 2732 1374-1378,
2407 2644 2618 2734 Vesp.
2667 2666 2768 2714 vs.
2809 2645 2981 2731 345,
3023 2687 3028 2692 -

644 2780 808 2868 Lys.
870 2799 972 2847 vs.
1018 2777 1173 2847 516.
1220 2777 1466 2868 Γεωργοι
1525 2777 1692 2846 Ath.
1757 2777 1861 2845 III
1903 2798 1970 2867 p.
2013 2776 2101 2845 75
2146 2797 2188 2846 a
2235 2777 2405 2866 (vid.
2456 2779 2662 2847 Dind.
2705 2780 2983 2870 Fragm.

643 2912 812 3001 164)
885 2912 1014 3001 Eq.
1076 2932 1181 2980 vs.
1240 2910 1370 2980 981
1434 2912 1620 3001 ’γένεθ’
1683 2910 2032 3003 Scaliger]
2083 2913 2280 3002 γένοιθ’
2332 2911 2611 2981 Suidas.
2667 2912 2830 3000 (Av.
2879 2934 2980 2982 vs.

645 3044 813 3132 790,
879 3044 1045 3132 793,
1094 3043 1228 3112 794
1273 3064 1495 3134 praes.
1543 3044 1687 3113 ind.
1736 3046 2149 3134 reperitur.)

731 3177 828 3247 4⁰.
903 3177 1313 3247 Sententiae
1383 3177 1779 3267 pendentes
1849 3199 1890 3247 a
1953 3181 2337 3268 praeterito
2395 3199 2560 3248 cum
2601 3197 2664 3244 ow
2706 3180 2976 3270 signifi-

646 3314 922 3381 catione
972 3312 1416 3400 repetitionis
1475 3318 2001 3401 componuntur
2040 3333 2204 3382 cum
2252 3314 2606 3402 optativo:
2649 3313 2834 3383 Nub.
2877 3335 2978 3383 vs.

642 3447 813 3532 854,
882 3446 1010 3516 Αν.
1082 3466 1183 3514 νε.
1250 3445 1419 3533 506,
1480 3444 1694 3532 1382,
1759 3447 1937 3514 Ran.
2001 3468 2103 3516 vs.
2170 3446 2341 3533 924,
2405 3448 2614 3537 Vesp.
2656 3470 2760 3517 vs.
2807 3447 2978 3536 279,

643 3581 830 3649 Plut.
877 3600 979 3648 vs.
1023 3580 1237 3662 1010,
1282 3578 1494 3667 1012,
1540 3579 1722 3649 1140
1770 3581 2002 3672 (ὑφέλοι’
2050 3582 2416 3652 Dawesius
2456 3603 2586 3671 pro
2628 3582 2842 3674 ὑφέλοις
2867 3582 2977 3651 vel

642 3713 904 3805 ὑφείλου).

797 4057 838 4134 ξ
882 4052 946 4120 3.
1042 4051 1527 4120 Coniunctiones
1586 4073 1751 4139 qaae
1810 4068 1875 4116 ἄν
1929 4025 2284 4121 admittunt
2328 4062 2388 4123 et
2424 4056 2820 4143 pronomina

1660 4189 1956 4265 relativa.

734 4388 1141 4458 Sententiae
1209 4390 1284 4459 in
1356 4390 1675 4459 oratione
1745 4389 2032 4480 obliqua
2101 4391 2314 4480 vulgo
2339 4383 2356 4398 ’
2383 4392 2816 4462 adhibentur
2885 4393 2974 4461 ad

642 4522 827 4590 hanc
909 4521 1194 4592 illamve
1261 4532 1540 4613 partem
1610 4525 1906 4594 alterius
1977 4526 2374 4594 sententiae
2458 4526 2972 4616 explicandam.

640 4656 890 4746 Itaque
938 4664 1321 4726 occurrunt
1371 4661 1766 4727 sententiae
1805 4658 2175 4745 relativae,
2218 4661 2679 4749 temporaleS‚
2728 4661 2971 4730 condi-
