3484 5609
1817 551 1905 617 70

679 745 999 813 Tertium
1069 751 1138 812 et
1209 751 1542 832 quartum
1614 749 1684 808 ἄν
1754 745 2018 813 ibidem
2089 746 2449 833 pertinent
2518 745 2605 812 ad
2672 751 2814 834 opt.
2879 753 3009 833 pot.

679 880 911 964 Θύσαιμι
973 885 1043 944 et
1106 886 1438 964 σπείσαιμι,
1531 879 1697 946 dum
1767 879 2097 966 quintum
2168 873 2298 941 οὐδὲ
2364 885 2505 966 opt.
2577 886 2721 966 pot.
2793 880 3013 947 ἐπιθείην

681 1011 834 1078 sine
882 1011 1232 1099 particula
1280 1015 1350 1075 ἅν
1401 1032 1560 1079 oum
1613 1011 1972 1100 prioribus
2021 1012 2426 1099 coniungit,
2479 1012 2644 1099 quia
2678 1011 3011 1099 particula

681 1143 885 1211 facile
935 1165 1018 1210 ex
1068 1143 1655 1213 antecedentibus
1704 1152 1941 1212 mente
1992 1144 2358 1233 repetitur.
2414 1143 2513 1212 Cf.
2566 1144 2732 1232 Cap.
2783 1144 3011 1231 1V§4.

770 1278 867 1344 De
921 1277 1199 1344 diversa
1249 1242 1769 1365 significatione
1821 1276 2327 1345 vocabulorum
2375 1272 2491 1340 οὐδ’
2540 1281 2609 1339 ἄν
2659 1279 2731 1343 in
2776 1277 3011 1343 eodem

686 1430 894 1477 versu
969 1410 1104 1477 vid.
1178 1411 1363 1477 Plut.
1438 1431 1534 1476 νε.
1605 1410 1757 1477 924.
1839 1411 1934 1477 De
2006 1416 2105 1473 οὐκ
2171 1413 2241 1472 ἄν
2290 1430 2454 1477 oum
2506 1410 3011 1497 significatione

682 1564 764 1609 ne
967 1544 1225 1628 quidem
1289 1543 1424 1608 vid.
1496 1543 1702 1630 Vesp.
1775 1562 1869 1609 νε.
1937 1542 2106 1625 298,
2175 1541 2347 1608 Acb.
2399 1562 2497 1608 vs.
2547 1541 2682 1608 906
2729 1549 2797 1608 et
2844 1542 3012 1609 Nub.

685 1695 782 1740 vs.
836 1673 970 1740 108
1018 1694 1241 1761 comp.
1294 1696 1455 1742 oum
1506 1675 1688 1741 Plut.
1740 1695 1840 1740 vs.
1893 1672 2041 1739 924.
2741 1666 2749 1673 ’

775 1807 1134 1874 Particula
1189 1811 1260 1868 ἄν
1307 1826 1490 1894 quae
1543 1807 1729 1894 apud
1780 1801 1940 1891 οὐδὲ,
1989 1827 2070 1873 ne
2276 1807 2572 1894 quidem.
2649 1808 2873 1894 posita
2919 1811 3018 1871 est

688 1959 896 2026 saepe
962 1946 1065 2006 est
1118 1940 1444 2028 repetitio
1493 1939 1922 2027 particulae,
1992 1958 2171 2026 quae
2218 1940 2355 2026 ipsi
2406 1940 2616 2006 verbo
2666 1946 2773 2006 est
2813 1958 3015 2027 appo-

690 2072 845 2138 sita.
897 2070 1051 2137 Vid.
1103 2070 1408 2159 Cap.⁵lV
1460 2078 1499 2151 ξ
1548 2072 1608 2138 2.
1664 2072 1738 2138 Ε.
1791 2092 1868 2159 g„
1906 2071 2114 2158 Vesp.
2174 2092 2269 2138 νε.
2318 2071 2488 2139 508:

1539 2309 1649 2391 ἐγὼ
1697 2311 1814 2392 γάρ
1863 2298 1984 2366 οὐδ’
2033 2304 2105 2365 ἂν
2153 2304 2374 2392 ὀρνίθων
2420 2301 2579 2391 γάλα

1050 2444 1172 2499 α’ντὶ
1221 2443 1315 2498 τοῦ
1365 2432 1492 2518 βίου
1541 2432 1771 2520 λάβοιμ’
1820 2437 1891 2497 ἂν
1936 2434 1998 2498 οὗ
2044 2459 2113 2520 με
2159 2443 2256 2497 νῦν
2302 2442 2651 2523 ἀποστερεῖς.

779 2684 877 2750 Cf.
932 2685 1091 2768 Lys.
1150 2702 1248 2751 vs.
1292 2685 1368 2751 3:

1136 2891 1251 2958 οὐδ’
1301 2896 1371 2957 ἂν
1419 2891 1644 2959 διελθεῖν
1695 2895 1764 2964 ἦν
1810 2896 1881 2958 ἀν
1928 2902 2034 2959 ὑπὸ
2082 2907 2190 2959 τῶν
2237 2903 2563 2981 τυμπάνων.

781 3133 1313 3220 Nonnunquam
1380 3135 1588 3200 etiam
1656 3128 1786 3196 οὐδὲ
1833 3141 1941 3200 est
1988 3134 2319 3220 repetitio
2369 3133 2769 3219 negationis
2819 3132 3023 3219 parti—

697 3265 933 3344 culae,
1001 3286 1183 3353 quae
1250 3266 1461 3332 verbo
1524 3267 1849 3353 apposita
1911 3272 2036 3332 est.
2111 3265 2185 3331 E.
2239 3286 2300 3352 g.
2353 3266 2511 3331 Pae.
2564 3286 2662 3330 vs.
2712 3264 2889 3332 1223
2931 3270 3024 3327 οὐκ

701 3401 771 3462 ἂν
840 3407 1113 3489 πριαίμην
1176 3395 1298 3463 οὐδ’
1362 3401 1432 3461 ἂν
1496 3394 1740 3484 ἰσχάδος
1779 3410 1929 3484 μιᾶς.
1997 3398 2097 3465 Cf.
2141 3397 2321 3465 Nub.
2383 3419 2480 3465 VS-
2531 3384 2665 3464 '1'18
2711 3404 2783 3464 et
2828 3396 3023 3463 1250:

1188 3625 1289 3682 οὐκ
1338 3620 1409 3681 ἂν
1458 3614 1735 3687 ἀποδοίην
1784 3614 1899 3682 οὐδ’
1948 3621 2019 3682 ἂν
2065 3616 2260 3701 ὀβολὸν
2305 3613 2504 3683 οὐδενί.

785 3848 967 3916 Sunt
1032 3850 1240 3936 pauci
1304 3847 1440 3915 loci
1502 3847 1690 3934 apud
1754 3846 2341 3935 Aristophanem,
2413 3847 2534 3915 ubi
2597 3851 2668 3910 ἅν
2731 3848 2820 3914 ad
2869 3845 3025 3914 sub-

696 3982 1083 4050 stantivum
1153 3981 1260 4048 vel
1322 3979 1515 4047 aliud
1567 3979 1991 4047 vocabulum
2042 3980 2372 4067 pertinet.
2430 3979 2619 4066 (Vid.
2672 3979 2835 4067 Cap.
2886 3980 2912 4045 I
2960 3978 3024 4045 C.

696 4115 732 4203 ξ
780 4114 877 4202 1.)
933 4114 1306 4182 Videamus
1357 4112 1664 4200 denique
1710 4112 1889 4180 duos
1939 4112 2152 4180 locos.
2203 4111 2378 4180 Ach.
2430 4111 2758 4179 vs.·1033
2805 4131 3026 4200 seqq.:

1012 4335 1138 4399 ΓΕ.
1231 4340 1305 4397 σὺ
1353 4329 1405 4396 δ’
1450 4333 1605 4397 α’λλοὲ
1651 4359 1743 4420 μοι
1791 4331 2128 4422 σταλαγμὸν
2178 4339 2396 4417 εἰρήνης
2442 4336 2541 4395 ἕνα

1232 4472 1286 4542 ἐς
1334 4474 1425 4532 τὸν
1474 4465 1829 4553 καλαμίσκον
1874 4462 2223 4539 ἐνστάλαξον
2271 4473 2498 4530 τουτονί.

1020 4604 1118 4665 ΔΙ.
1231 4596 1352 4664 οὐδ’
1401 4603 1472 4663 ἂν
1515 4597 1914 4690 στριβιλικίγξ
1964 4598 2092 4662 ἀλλ’
2139 4606 2316 4663 α’πιὼν
2362 4603 2560 4687 οἴμωζέ
2608 4624 2717 4663 ποι.
