3484 5609
1511 1201 2148 1364 INDEX.

1729 1502 1942 1517 w

872 1669 880 1676 .
2905 1603 3005 1650 Blz.

661 1709 1014 1751 pnoonmuu
1047 1733 2857 1753 ...................
2953 1700 3003 1751 1.

1256 1982 1592 2022 mancum
1634 1957 1704 2017 ἄν
1747 1984 1810 2022 m
1853 1983 2153 2022 offirmas
2193 1984 2380 2022 unm-A
2446 2010 2852 2024 .....
2947 1972 3007 2030 3.

658 2097 733 2159 A.
797 2096 1063 2156 Modus
1116 2096 1618 2175 potentialis.

738 2204 772 2290 ξ
815 2206 867 2261 1.
912 2203 1003 2262 ΒΘ
1055 2203 1229 2263 modo
1281 2203 1591 2282 potentiali
1645 2203 1934 2263 universe
1957 2246 2869 2264 ..........
2954 2210 3011 2264 4.

736 2310 770 2384 ξ
810 2313 863 2368 2.
909 2310 999 2369 ΒΘ
1038 2310 1274 2370 Futuro
1314 2310 1625 2370 indicativi
1648 2352 2865 2373 .............
2955 2314 3011 2371 5.

736 2417 770 2490 ἓ
811 2418 865 2475 3.
908 2416 999 2475 ΒΘ
1031 2417 1300 2495 optativo
1333 2416 1644 2494 potentiali
1672 2416 2053 2476 coniunctivo
2086 2416 2475 2477 deliberativo
2496 2419 2859 2493 congruenti
2941 2422 3004 2477 6.

738 2523 771 2599 ξ
811 2525 866 2581 4.
910 2522 1000 2581 De
1026 2522 1248 2582 aoristo
1280 2522 1531 2601 optativi
1565 2541 1702 2581 cum
1723 2516 1794 2576 ἄν
1814 2527 2152 2600 comparato
2173 2542 2309 2582 cum
2329 2523 2534 2582 futuro
2554 2523 2860 2584 indicativi
2953 2525 3005 2584 7.

737 2631 771 2704 ἓ
810 2632 865 2689 5.
907 2629 1201 2688 Praesens
1250 2629 1501 2707 optativi
1559 2648 1696 2688 cum
1755 2623 1828 2683 ἄν
1855 2672 2864 2688 ...........
2918 2633 3008 2689 12.

737 2737 771 2810 ἓ
813 2738 867 2794 6.
910 2735 1002 2794 ΒΘ
1054 2740 1172 2813 opt.
1230 2738 1351 2813 pot.
1406 2754 1513 2813 pro
1557 2735 1929 2813 Imperativo
1955 2778 2869 2795 ..........
2918 2740 3009 2794 14.

737 2843 771 2916 ἓ
813 2845 868 2901 7.
909 2834 1018 2895 ’Άν
1071 2859 1208 2901 cum
1261 2842 1466 2900 futuro
1521 2840 1775 2919 optativi
1852 2884 2868 2904 ...........
2915 2844 3009 2901 15.

658 2957 726 3015 Β.
792 2955 1325 3016 Praeteritum
1365 2973 1528 3016 cum
1573 2948 1669 3014 ἄν.

738 3061 770 3142 g
816 3066 867 3121 1.
911 3062 1306 3122 Praeteritum
1348 3061 1507 3121 modi
1546 3060 1892 3140 potentialis
1961 3105 2864 3125 ..........
2915 3064 3007 3121 15.

735 3171 768 3244 ξ
810 3173 865 3228 2.
907 3148 1309 3229 Praeteritum
1367 3185 1504 3228 cum
1565 3161 1638 3222 ἄν
1678 3168 1743 3227 in
1785 3187 1852 3227 re
1891 3185 2012 3227 non
2054 3168 2213 3227 facta
2257 3211 2867 3232 .......
2916 3172 3007 3230 18.

822 3278 874 3333 1.
918 3275 1016 3334 ΒΘ
1055 3275 1375 3353 praeterito
1414 3275 1550 3333 cum
1589 3268 1663 3329 ἄν
1703 3274 1766 3332 in
1811 3292 1876 3333 re
1918 3292 2037 3333 non
2079 3274 2234 3334 facta
2273 3275 2552 3334 universe
2653 3290 2663 3333 2
2750 3317 2765 3332 .
2851 3319 2863 3332 .
2911 3278 3009 3333 18.

819 3385 872 3440 2.
920 3369 1292 3457 Ἐβουλόμην
1337 3374 1407 3433 ἄν
1452 3423 2866 3439 ...............
2914 3383 3011 3439 20.

819 3490 874 3545 3.
917 3477 1121 3567 Χρῆν,
1168 3481 1379 3566 ἐχρῆν,
1428 3472 1539 3539 ἔδει
1545 3526 2866 3548 ..............
2913 3490 3008 3546 21.

820 3597 874 3651 4.
918 3593 1008 3652 De
1045 3592 1340 3671 particula
1373 3585 1444 3645 ἄν
1485 3591 1705 3651 omissa
1753 3635 2867 3654 ............
2914 3596 3007 3652 22.

737 3700 771 3773 ἓ
813 3702 867 3758 3.
910 3699 1306 3758 Praeteritum
1344 3717 1481 3757 cum
1522 3692 1594 3751 ἅν
1633 3716 1769 3756 cum
1812 3697 2243 3774 significatione
2283 3699 2657 3776 repetitionis
2748 3743 2762 3757 .
2848 3742 2862 3757 .
2906 3702 3009 3758 24.

824 3809 874 3863 1.
919 3806 1006 3862 ΒΘ
1049 3804 1228 3863 variis
1258 3801 1456 3864 'modis
1497 3803 1928 3881 interpretandi
1971 3797 2042 3856 ἄν
2090 3804 2462 3881 repetitionis
2554 3849 2566 3862 .
2655 3851 2664 3863 .
2755 3848 2768 3863 .
2854 3848 2869 3862 .
2911 3807 3008 3864 24.

820 3915 875 3971 2.
919 3911 1017 3970 De
1055 3912 1282 3970 incerta
1329 3911 1763 3987 significatione
1804 3909 2113 3989 praeteriti
2153 3928 2290 3968 cum
2332 3904 2405 3963 ἄν
2453 3955 2864 3972 .....
2913 3913 3008 3970 25.

740 4020 774 4093 ἓ
813 4021 871 4077 4.
913 4018 1234 4077 Conclusio
1252 4058 2868 4076 .................
2913 4018 3007 4077 27.

661 4132 726 4191 Ο.
790 4132 1199 4192 Particula
1238 4126 1312 4187 ἄν
1351 4151 1513 4192 cum
1555 4131 1961 4211 praesenti
2006 4135 2080 4190 et
2122 4132 2393 4191 futuro
2428 4131 2869 4192 Indicativi

823 4243 897 4297 et
938 4257 1100 4297 cum
1144 4238 1627 4317 Imperativo
1650 4279 2870 4300 .............
2913 4242 3007 4298 28.

741 4342 773 4423 ᾗ
819 4347 873 4403 l.
918 4357 973 4399 ἅν
1013 4364 1148 4404 cum
1188 4344 1489 4423 praesenti
1529 4343 1836 4405 indicativi
1862 4385 2871 4405 ...........
2913 4348 3009 4404 28.

742 4448 774 4529 ξ
815 4453 851 4509 2
857 4491 2865 4512 .....................
2913 4453 2991 4510 30

741 4553 773 4634 ξ
814 4558 849 4613 3
854 4596 2865 4616 .....................
2912 4559 2988 4616 33
