3484 5609
1776 568 1866 636 34

647 766 1047 855 imperativi
1123 765 1292 852 (vid.
1358 765 1523 855 Cap.
1594 766 1644 833 Ι.
1695 767 1776 834 A.
1827 769 1868 847 ἓ
1913 765 2024 852 6),
2087 765 2301 834 etiam
2349 765 2475 833 fut.
2518 765 2662 833 ind.
2711 771 2783 833 et
2830 771 2974 854 opt.

648 905 790 989 pot.
852 901 927 966 in
991 898 1706 989 interrogationibus,
1772 898 1938 987 Cap.
2001 899 2052 966 Ι.
2113 898 2191 966 A.
2258 903 2299 981 ἓ
2353 899 2401 967 4
2448 898 2549 966 n0.
2596 897 2642 966 2
2688 906 2758 967 et
2811 898 2979 988 Cap.

650 1034 700 1100 Ι.
749 1033 830 1101 A.
882 1038 922 1115 ξ
972 1035 1034 1101 5.

738 1166 918 1248 Quia
962 1167 1425 1255 imperativus
1474 1187 1598 1254 per
1643 1186 1719 1233 se
1766 1166 1915 1234 sive
1963 1165 2357 1254 praesentis
2407 1167 2556 1234 sive
2601 1165 2849 1233 aoristi
2891 1165 2983 1233 ad

650 1301 969 1368 futurum
1060 1308 1343 1389 tempus
1434 1300 1779 1389 pertinet,
1866 1299 2066 1367 deest
2149 1299 2470 1367 futurum
2538 1298 2981 1388 imperativi3

646 1436 890 1523 itaque
958 1434 1306 1523 particula
1367 1436 1440 1496 ἄν
1508 1454 1670 1501 cum
1741 1434 2160 1522 imperativo
2230 1433 2433 1501 nihili
2504 1439 2731 1519 esset,
2814 1433 2982 1520 quia

648 1570 789 1637 iam
837 1589 964 1657 per
1010 1589 1086 1636 se
1134 1568 1598 1636 dubitationis
1646 1569 2009 1634 notionem
2056 1566 2392 1634 continet.
2459 1564 2707 1654 Neque
2757 1566 2981 1654 magis

649 1722 862 1791 quam
923 1702 1244 1769 futurum
1307 1700 1603 1789 optativi
1660 1706 1784 1767 aut
1832 1699 2151 1767 futurum
2200 1698 2565 1766 indicativi
2613 1697 2984 1786 Imperati-

650 1856 781 1904 vus
843 1835 1285 1903 construitur
1333 1854 1496 1902 cum
1542 1852 1624 1901 ow.
1680 1832 2056 1901 Assentior
2100 1833 2321 1921 igitur
2368 1832 2812 1916 HermannO,
2860 1831 2984 1920 qui

654 1967 837 2055 (Lib.
893 1967 1023 2052 IV,
1088 1966 1253 2056 Cap.
1303 1968 1372 2053 I)
1428 1966 1637 2051 dicit,
1693 1968 1817 2035 ubi
1864 1985 1927 2030 ow
1974 1987 2136 2034 cum
2185 1966 2605 2053 imperativo
2665 1965 2982 2032 invenia-

650 2108 801 2187 tur,
863 2101 1284 2190 particulam
1350 2121 1512 2169 cum
1580 2099 1718 2168 alio
1784 2098 1998 2167 verbo
2037 2100 2113 2166 in
2162 2100 2516 2167 sententia
2563 2105 2982 2166 construen-
3069 2163 3074 2167 ,

650 2235 813 2303 dam
876 2255 1051 2303 esse.
1125 2234 1265 2303 Sed
1336 2233 1578 2302 nullus
1648 2233 1848 2303 locus
1913 2232 2102 2322 apud
2149 2231 2606 2321 Aristophem
2655 2237 2802 2316 est,
2862 2232 2983 2320 qui

650 2369 935 2457 quidem
1006 2369 1200 2436 omni
1267 2367 1485 2436 dubio
1558 2370 1649 2435 sit
1721 2368 1979 2449 maior,
2039 2365 2154 2433 ubi
2224 2383 2286 2429 ἄν
2353 2371 2537 2433 cum-‘
2565 2366 2984 2455 imperativo

650 2502 970 2590 legimus.
1043 2502 1221 2570 Nam
1269 2500 1443 2569 Ach.
1508 2521 1607 2568 νε.
1677 2499 1847 2567 1201
1920 2498 2302 2567 delendum
2354 2507 2463 2567 est
2521 2521 2586 2564 ow
2633 2519 2796 2567 cum
2843 2499 2981 2566 Im-

648 2636 965 2723 perativo
1012 2636 1491 2704 coniunctum.
1541 2633 1695 2701 Vid.
1747 2634 1982 2701 Herm.
2033 2633 2184 2701 Lib.
2234 2633 2325 2701 IV
2376 2633 2543 2722 Cap.
2594 2635 2642 2701 I.

1390 2965 1471 3031 D.
1564 2963 1666 3026 ’Au
1710 2985 1859 3030 cum
1904 2965 2241 3053 infinitivo,

736 3181 811 3249 Si
866 3181 942 3248 in
1006 3185 1202 3248 recta
1255 3180 1574 3247 oratione
1634 3197 1696 3241 ow
1760 3198 1924 3246 cum
1989 3178 2184 3246 verbi
2249 3177 2511 3263 modiS,
2560 3178 2682 3266 qui
2732 3183 2973 3245 rectae

645 3316 984 3384 orationis
1032 3319 1234 3398 sunt,
1283 3314 1326 3380 i.
1377 3333 1436 3380 e.
1487 3333 1649 3381 cum
1695 3312 2082 3392 indicativo
2130 3319 2200 3380 et
2225 3313 2575 3401 optativo,
2621 3312 2979 3379 construi-

645 3455 798 3535 tur,
841 3467 923 3516 ea
958 3448 1277 3515 oratione
1300 3466 1428 3534 per
1448 3445 1881 3514 infinitivum
1906 3447 1982 3514 in
2007 3444 2368 3535 obliquam
2395 3464 2735 3514 conversa
2761 3446 2977 3513 etiam

642 3581 993 3649 infinitivo
1047 3579 1351 3648 adicitur
1396 3580 1572 3648 haec
1618 3579 1989 3669 particula.
2039 3578 2424 3648 Videamus
2473 3597 2531 3647 e.
2583 3599 2646 3668 g.
2695 3578 2822 3662 Av.
2876 3598 2979 3646 vs,

643 3715 855 3800 16523
927 3715 1049 3783 ubi
1119 3716 1473 3804 optativus
1535 3714 1943 3803 potentialis
2004 3714 2043 3782 ἢ
2105 3723 2226 3786 πῶς
2273 3731 2335 3775 ἄν
2379 3737 2512 3778 ποτε
2557 3711 2848 3803 ἐπίκληρος
2895 3716 2979 3781 εἴη

644 3854 682 3919 ἡ
750 3850 1058 3934 Ἀθηναία;
1122 3849 1443 3938 pendens
1513 3868 1554 3916 a
1621 3847 1838 3915 verbo
1908 3846 2262 3915 sentiendi
2325 3843 2508 3921 δοκεῖς
2569 3847 2854 3915 transiit
2905 3848 2979 3913 in

644 3982 1069 4051 infinitivum
1120 4003 1282 4052 cum
1332 4000 1431 4049 ἀνι

925 4179 963 4247 ἢ
1010 4187 1131 4252 πῶς
1176 4196 1240 4241 ἄν
1285 4202 1420 4243 ποτε
1465 4175 1760 4268 ἐπίκληρον
1805 4176 1944 4241 εἶναι
1988 4184 2090 4247 τὴν
2136 4178 2445 4246 Ἀθηναίαν
2490 4173 2706 4263 δοκεὶς;

647 4376 781 4443 hoc
842 4373 998 4442 loco
1058 4391 1121 4436 ἀν
1183 4374 1405 4462 igitur
1465 4371 1815 4440 infinitivo
1871 4372 2462 4462 significationem
2510 4371 2976 4442 dubitationis
3082 4456 3098 4465 f

645 4508 862 4578 addit.
935 4507 1035 4576 Cf.
1098 4507 1220 4575 Av.
1284 4528 1385 4575 vs,
1449 4504 1616 4591 418,
1683 4506 1890 4596 Vesp.
1956 4528 2052 4575 vs.
2102 4506 2298 4614 1198.
2352 4506 2469 4575 Sic
2518 4507 2871 4595 particula
2915 4524 2979 4569 ἄν

647 4660 1160 4730 nonnunquam
1223 4641 1420 4709 addit
1468 4642 1679 4709 etiam
1729 4640 2318 4728 significationem
2369 4640 2590 4708 futuri
2640 4640 2979 4728 temporis
