3484 5609
1635 574 1724 641 27

552 835 559 844 .
612 770 766 851 Quo
837 770 1080 840 audito
1142 769 1280 839 alia
1341 770 1601 838 femina
1650 769 2065 861 respondet:
2139 767 2270 833 ἀλλ’
2318 774 2415 833 οὐκ
2460 787 2521 831 ἂν
2565 774 2677 859 ἐγώ
2720 760 2845 834 ποτ’

523 910 746 994 ἐσίγων.

611 1098 806 1175 Quae
875 1097 1217 1167 vocabula
1287 1100 1740 1188 interpretari
1811 1119 2224 1188 possumus:
2321 1100 2434 1167 sed
2500 1120 2607 1188 eqo
2675 1058 2846 1168 nun·-

522 1255 720 1323 quam
794 1234 1138 1301 tacuissem
1212 1233 1377 1320 (scil.
1442 1235 1501 1300 si
1562 1235 1841 1301 maritus
1915 1232 2029 1301 hoc
2098 1234 2261 1301 mihi
2329 1235 2672 1321 dimisset);
2742 1239 2843 1301 et:

523 1367 636 1436 sed
702 1388 809 1454 eqo
876 1387 1219 1455 nunquam
1291 1375 1497 1434 tacere
1568 1367 1843 1434 solebam
1905 1367 2067 1453 (scil.
2126 1369 2366 1456 quoties
2413 1368 2690 1434 maritus
2735 1366 2849 1435 hoc

520 1498 685 1568 mihl
730 1498 1044 1588 dimerdt).

609 1633 841 1702 Verba
911 1640 1145 1702 autem
1215 1632 1473 1722 quibus
1520 1633 1865 1722 probulus
1912 1633 2328 1722 respondet:
2375 1651 2471 1696 miv
2515 1636 2743 1722 ᾤμωζές
2787 1634 2845 1723 y’

526 1775 568 1831 εἰ
625 1774 706 1854 μὴ
777 1766 965 1856 ’σίγας
1034 1767 1271 1856 potius
1320 1767 1656 1835 vertenda
1705 1773 1908 1836 sunt:
1958 1776 2017 1836 et
2065 1765 2501 1857 vapulavisses
2548 1769 2808 1857 quidem
2829 1822 2845 1853 ‚

527 1901 656 1967 nisi
699 1901 1008 1969 tacuisses
1039 1955 1056 1987 ,
1107 1920 1317 1988 quam
1371 1909 1429 1968 et
1472 1902 1831 1990 vapulabas
1876 1903 2128 1988 quidem
2154 1955 2170 1988 ,
2226 1903 2461 1988 quoties
2505 1923 2632 1969 non
2678 1909 2844 1969 tace-

522 2035 668 2120 bas,
750 2034 915 2122 quia
980 2034 1392 2124 imperfecto
1474 2035 1617 2103 ind.
1690 2037 2089 2104 sententiae
2174 2035 2668 2103 conditionalis
2736 2036 2845 2102 in-

522 2166 802 2234 dicatur
888 2183 984 2230 κᾰν
1067 2170 1297 2255 ᾤμωζες
1383 2188 1537 2236 esse
1624 2170 2085 2257 praeteritum
2166 2168 2356 2236 modi
2421 2167 2844 2255 potentialis.

522 2293 770 2389 Itaque
833 2301 1046 2369 etiam
1109 2321 1207 2368 vs,
1270 2300 1406 2368 515
1475 2302 1980 2370 vocabulorum
2048 2320 2109 2364 ἂν
2154 2352 2168 2366 .
2216 2352 2229 2366 .
2274 2351 2288 2366 .
2334 2352 2349 2367 .
2389 2307 2591 2391 ἐσίγων
2652 2302 2847 2389 prior

527 2433 1020 2522 interpretatio
1068 2435 1513 2524 potissimum
1554 2434 1976 2503 adhiheatur
2003 2442 2288 2523 propter
2313 2455 2617 2523 sequens
2644 2454 2844 2522 prae-

521 2566 804 2635 teritum
890 2566 1079 2634 modi
1142 2569 1568 2656 potentialis.
1636 2568 1974 2637 Attamen
2045 2570 2184 2636 nisi
2234 2559 2609 2636 ‘sententia
2678 2587 2843 2669 con-

522 2699 880 2769 ditionalis
943 2701 1473 2770 alteramutram
1546 2704 2207 2789 interpretationem
2278 2701 2563 2789 probet,
2637 2721 2843 2789 saepe

519 2853 660 2902 non
711 2836 1020 2903 discerni
1071 2842 1337 2924 potest,
1390 2844 1626 2903 utrum
1680 2836 2135 2924 praeteritum
2189 2856 2348 2904 cum
2397 2837 2468 2897 ἅν
2508 2834 2600 2902 sit
2642 2855 2841 2922 prae-

523 2970 817 3038 teritum
879 2969 1358 3057 repetitioniS,
1428 2989 1517 3037 an
1564 2970 2024 3057 praeteritum
2077 2969 2264 3036 modi
2312 2968 2738 3062 potentialis.

1380 3331 1420 3407 ἓ
1466 3324 1528 3391 4.
1626 3324 1976 3392 Conclusio.

609 3564 856 3652 Itaque
918 3584 960 3629 a
1025 3563 1262 3630 futuro
1325 3563 1691 3631 indicatIVi
1739 3563 2013 3652 vulgari
2060 3562 2573 3652 significatione
2619 3582 2844 3651 usque

527 3698 616 3765 ad
684 3704 906 3786 praet.
977 3696 1120 3764 ind.
1193 3717 1356 3765 cum
1424 3702 1494 3762 ἄν
1562 3698 1635 3765 in
1705 3719 1784 3765 re
1845 3717 1987 3764 non
2037 3697 2222 3764 facta
2268 3698 2577 3765 occurrit
2624 3696 2844 3764 series

529 3830 1080 3916 sententiarum,
1132 3851 1313 3920 quae
1359 3831 1676 3900 referunt
1724 3832 2073 3899 actionem
2122 3831 2269 3898 sive
2316 3835 2581 3898 statum
2609 3835 2844 3897 mente

524 3971 801 4034 tantum
852 3970 1293 4054 conceptum.
1343 3964 1495 4034 Aut.
1534 3966 1759 4033 forma
1790 3965 2016 4054 ipsius
2041 3964 2434 4033 sententiae
2458 3970 2582 4032 aut
2604 3933 2851 4032 reruni

524 4097 1173 4187 vocabulorumque
1259 4104 1630 4167 contextus
1698 4098 2015 4166 indicare
2063 4104 2350 4194 potest,
2421 4105 2663 4166 utrum
2731 4097 2841 4178 id,

523 4232 710 4322 quod
776 4233 1129 4321 cogitatur
1189 4238 1382 4300 certo
1439 4231 1585 4299 fore
1629 4231 1740 4299 vel
1787 4252 1943 4299 esse
1991 4238 2315 4321 putetur,
2363 4252 2453 4299 an
2501 4252 2663 4300 cum
2712 4231 2841 4299 du-

522 4365 866 4434 bitatione
936 4364 1232 4453 quadam
1307 4371 1718 4453 expectetur
1786 4371 1911 4434 aut
1976 4364 2360 4449 referatur,
2423 4385 2512 4433 an
2554 4366 2842 4433 omnino

522 4518 665 4566 non
736 4498 859 4567 fiat
927 4504 1051 4567 aut
1120 4498 1379 4567 factum
1451 4498 1563 4567 sit.
1642 4497 1839 4566 Alias
1886 4497 2147 4587 gradus
2195 4496 2685 4566 affirmationis
2732 4497 2841 4565 vel

524 4630 985 4701 dubitationis
1033 4637 1227 4700 certo
1286 4629 1548 4699 indicio
1609 4631 2002 4719 indicatur,
2067 4631 2242 4700 alias
2288 4651 2431 4699 non
2480 4639 2672 4700 certo
2719 4633 2839 4698 de-
