3484 5609
1679 580 1760 649 2‘1

556 775 730 865 lege.
799 776 986 844 Dicit
1047 776 1234 844 enim
1299 782 1472 845 tunc
1530 782 1809 846 tantum
1876 796 1936 840 dev
1984 777 2073 845 ad
2120 775 2439 864 ἐβουλόμην
2487 778 2685 864 addi,
2728 799 2889 847 cum

554 910 617 977 ei
689 910 1095 999 oppositum
1166 917 1274 978 est
1319 920 1433 997 „at
1478 932 1607 978 non
1653 910 1904 1000 cupio''‚
1955 911 2079 979 sed
2130 911 2433 980 subinde
2482 912 2670 980 idem
2722 933 2887 980 con-

551 1044 737 1112 cedit
801 1044 988 1113 Eccl.
1038 1044 1161 1113 151
1217 1051 1287 1113 et
1338 1046 1542 1135 Vesp.
1591 1045 1728 1113 960
1772 1045 1939 1114 huic
1987 1045 2585 1114 animadversioni
2633 1066 2888 1135 repug-

552 1198 740 1246 nare.
809 1179 1156 1267 Equidem
1220 1184 1458 1247 autem
1522 1179 1709 1248 haud
1762 1179 1907 1247 scio
1957 1198 2044 1246 an
2097 1179 2446 1267 particula
2495 1179 2611 1249 bic
2658 1180 2890 1247 omitti
2987 1275 2990 1280 y

552 1313 812 1399 possit,
879 1313 1066 1380 sicut
1127 1323 1311 1403 χρῆν,
1369 1318 1546 1403 ἐχρῆν
1594 1318 1664 1381 et
1711 1308 1822 1377 ἔδει
1868 1313 2022 1381 sine
2063 1313 2411 1402 particula
2460 1313 2891 1382 adhibentur

552 1445 641 1513 ad
711 1445 1210 1532 indicandum,
1282 1447 1452 1535 quid
1526 1446 1679 1515 fieri
1751 1448 2180 1535 oportuerit,
2246 1447 2367 1515 sed
2432 1467 2571 1514 non
2623 1446 2889 1515 factum

557 1562 683 1647 sit,
735 1563 883 1629 sive
930 1563 1178 1642 etiam,
1230 1563 1402 1651 quid
1452 1583 1645 1632 nunc
1695 1563 1930 1631 adhuc
1980 1562 2135 1630 fieri
2182 1570 2523 1652 oporteat.
2591 1623 2594 1627 ⁴

1304 2017 1371 2083 3.
1466 2017 1673 2106 Χρῆν,
1723 2022 1940 2107 ἐχρῆν,
1990 2013 2120 2083 ἔδει.

641 2306 772 2374 Αν.
828 2326 925 2374 νε.
976 2306 1188 2390 1434,
1237 2307 1419 2376 Nub.
1475 2329 1570 2375 vs.
1619 2308 1788 2389 371,
1839 2310 1963 2398 Eq.
2014 2330 2113 2377 vs.
2162 2308 2296 2377 535
2341 2319 2489 2399 χρῆν
2539 2308 2890 2397 significat

550 2441 738 2529 quod
808 2461 1001 2509 nunc
1070 2439 1225 2508 fieri
1272 2449 1551 2529 oportet
1601 2442 1724 2510 sed
1775 2463 1916 2511 non
1966 2443 2063 2511 fit.
2141 2442 2263 2511 Av.
2314 2463 2412 2510 vs.
2455 2441 2633 2510 1434
2674 2443 2884 2510 etiam

547 2583 666 2666 χρή
714 2575 1127 2643 conveniret
1176 2595 1332 2642 cum
1381 2576 1753 2644 sententia.
1805 2576 2252 2644 Pithetaerus
2301 2576 2490 2643 enim
2540 2574 2887 2642 calumni-

546 2716 817 2777 atorem
899 2708 1397 2798 reprehendit,
1468 2710 1676 2797 eique
1758 2708 2043 2795 suadet,
2115 2715 2196 2777 ut
2268 2729 2307 2776 a
2380 2715 2686 2798 quaestu
2759 2729 2887 2777 suo

545 2844 738 2932 turpi
802 2843 1132 2929 desistat,
1203 2849 1273 2909 et
1336 2842 1553 2911 alium
1603 2842 1917 2911 laborem
1968 2842 2213 2930 obeat,
2265 2843 2453 2931 quod
2506 2844 2735 2911 virum
2783 2863 2888 2910 ro-

545 2977 831 3045 bustum
882 2977 1107 3067 tnagis
1158 2976 1442 3045 deceat:

1080 3206 1212 3271 ἀλλ’
1264 3208 1412 3272 ἔστιν
1460 3210 1624 3297 ἕτερα
1669 3213 1739 3275 νὴ
1787 3206 1877 3271 Δι’
1924 3208 2066 3298 ’ἔργα
2112 3175 2376 3298 ᾇώφρονα

1081 3343 1178 3432 ἀφ’
1231 3342 1308 3405 ὧν
1354 3337 1562 3416 διαζῆν
1607 3337 1806 3432 ἄνδρα
1849 3352 2003 3432 χρῆν
2050 3347 2353 3407 τοσουτονί.

633 3584 737 3651 Ita
803 3583 1082 3652 Thesm.
1133 3603 1173 3651 a
1224 3603 1434 3650 versu
1480 3581 1641 3650 655⁰
1693 3583 1780 3650 ad
1827 3581 2037 3650 664¹²¹¹²
2082 3588 2194 3650 ter
2240 3588 2632 3672 usurpatur
2681 3602 2884 3652 voca-

545 3715 793 3784 bulum
838 3722 994 3806 χρῆ,
1045 3715 1263 3784 semel
1313 3725 1464 3806 χρῆν
1511 3717 1584 3783 in
1635 3716 1884 3783 eadem
1933 3717 2327 3801 sententia,
2376 3737 2607 3804 neque
2653 3722 2886 3806 patet,

547 3849 1008 3939 quamobrem
1064 3849 1180 3918 hic
1236 3849 1541 3918 alterum
1604 3849 2068 3936 vocabulum,
2132 3849 2280 3918 illic
2337 3849 2635 3917 alterum
2686 3850 2883 3918 adhi-

545 3983 833 4068 beatur,
881 3983 1019 4051 nisi
1069 4003 1169 4051 vs,
1218 3982 1353 4051 662
1396 3994 1548 4075 χρῆν
1586 3984 1899 4072 positum
1950 3985 2078 4065 sit,
2128 3983 2319 4072 quod
2359 3983 2598 4053 littera
2620 3983 2885 4052 vocalis

543 4117 924 4205 praecedit.
999 4117 1117 4186 Sic
1186 4128 1338 4210 χρῆν
1408 4118 1686 4187 Thesm.
1757 4139 1853 4186 vs,
1919 4118 2054 4187 966
2100 4139 2142 4187 a
2189 4119 2442 4187 Bothio
2492 4127 2563 4189 et
2604 4121 2882 4190 Thesm.

547 4271 648 4318 vs.
677 4249 807 4318 777
856 4270 897 4319 a
938 4252 1260 4321 Bentleio
1302 4258 1583 4321 tantum
1632 4253 1948 4341 positum
1996 4273 2151 4321 esse
2179 4253 2460 4322 videtur
2486 4254 2724 4323 hiatus
2750 4254 2884 4323 tol-

541 4385 732 4453 lendi
797 4405 1050 4472 causa,
1114 4384 1284 4453 dum
1348 4385 1629 4454 Thesm.
1700 4406 1797 4455 vs.
1862 4384 1992 4454 793
2038 4393 2109 4455 et
2152 4385 2287 4458 832
2334 4389 2687 4457 sententia
2733 4400 2885 4478 χρῆν

543 4518 808 4607 poscit,
862 4520 1052 4608 quod
1102 4520 1504 4588 Brunckius
1554 4520 1929 4590 substituit
1977 4541 2105 4609 pro
2152 4528 2291 4612 χρῆ.

633 4652 758 4719 His
807 4652 995 4720 enim
1047 4653 1325 4721 duobus
1374 4652 1546 4723 locis
1592 4663 1745 4743 χρῆν
1794 4653 2148 4743 significat
2193 4655 2266 4723 id
2291 4674 2433 4723 non
2462 4654 2645 4740 fieri,
2693 4655 2880 4746 quod
