3484 5609
1847 562 1937 633 56

730 758 985 829 ctionis
1048 767 1432 830 occurrunt
1495 761 1856 851 exempla:
1920 761 2057 830 vid.
2126 781 2278 851 cap.
2343 760 2406 830 II
2469 766 2511 846 ξ
2572 762 2618 830 2
2663 770 2735 833 et
2783 784 2931 854 cap.
2971 766 3032 887 {II

728 894 765 983 ἓ
810 897 889 976 5,
936 893 1034 961 10.
1082 914 1215 962 nec
1263 895 1652 985 quidquam
1703 895 1814 963 his
1862 894 2287 964 lectionibus
2333 902 2705 986 repugnat.
2756 896 2893 964 Sed
2937 899 3036 961 κᾶν

727 1037 1003 1119 παρῆσαν
1070 1047 1234 1096 cum
1306 1028 1713 1097 Hermanno
1784 1029 2038 1113 reici0,
2121 1030 2289 1118 quia
2359 1028 2620 1097 desunt
2688 1030 3033 1118 exempla,

727 1161 851 1230 ubi
912 1164 986 1224 ἄν
1049 1161 1181 1230 hoc
1245 1161 1454 1230 modo
1515 1162 1916 1231 adhibitum
1976 1163 2090 1230 sit.
2162 1161 2237 1231 Si
2284 1168 2522 1230 tamen
2572 1170 2878 1232 metrum
2926 1165 3040 1232 ad-

728 1294 1078 1378 mitteret,
1149 1294 1361 1361 etiam
1424 1294 1534 1357 κάν
1578 1301 1622 1357 εἰ
1665 1304 1941 1385 παρῆσαν
2006 1294 2144 1384 legi
2191 1301 2466 1384 posset,
2531 1295 2615 1363 cf.
2671 1295 2827 1383 [γε.
2879 1296 3035 1383 113,

726 1446 877 1516 cap.
925 1427 1021 1496 111
1069 1427 1107 1517 ἓ
1152 1427 1218 1496 4.

814 1559 973 1649 LYS.
1055 1580 1155 1629 VS.
1224 1559 1404 1630 1025
1468 1568 1652 1630 teste
1722 1562 2127 1633 Hermanno
2195 1562 2520 1631 nonnulli
2592 1561 3039 1631 scribendum

689 1788 700 1810 κ
724 1701 1198 1763 censuerunt:

1037 1918 1149 1980 κᾶν
1192 1940 1263 2003 με
1304 1922 1389 2005 μὴ
1432 1915 1669 1998 ’λύπεις,
1715 1921 1829 2007 ἐγώ
1875 1939 1980 1981 σου
2024 1918 2133 1980 κᾶν
2178 1911 2306 1982 τόδε
2353 1922 2416 1981 τὸ
2461 1917 2648 2006 θηρίον

1035 2055 1195 2114 τούπὶ
1238 2049 1559 2140 τώφθαλμῷ
1602 2047 1851 2133 λαβοῡσ’
1897 2048 2095 2126 ἐξεῖλον
2139 2053 2211 2114 ἄν
2233 2102 2249 2132 ,
2296 2053 2324 2114 ’ὸ
2369 2058 2466 2114 νῦν
2512 2051 2608 2116 ἔνι.

810 2291 1258 2359 Hermannus
1322 2295 1559 2356 autem
1624 2290 1827 2357 reicit
1882 2292 1994 2353 κᾶν
2037 2313 2108 2376 με
2150 2295 2235 2377 μὴ
2281 2288 2516 2376 ’λύπεις,
2566 2292 2733 2380 quia
2778 2294 2851 2354 ἄν
2900 2312 3035 2359 non

720 2425 850 2492 hac
900 2423 1434 2492 constructione
1482 2430 1845 2507 occurrat,
1893 2421 2280 2511 scribitque
2320 2425 2432 2485 κᾶν
2475 2447 2546 2510 με
2583 2431 2665 2510 μὴ
2705 2421 2891 2512 λυπῇς
2927 2429 3035 2514 ἐγὼ

715 2582 821 2622 σου
882 2557 1166 2624 κᾶν.-
1237 2552 1439 2630 ἐξεῖλον
1498 2557 1571 2617 ἄν
1640 2561 1811 2642 cet.‚
1901 2555 2090 2644 quod
2161 2556 2486 2644 equidem
2575 2557 3032 2625 nibilominus

715 2690 965 2770 reicio‚
1021 2689 1188 2778 quia
1238 2708 1325 2756 ne
1373 2708 1594 2756 unum
1643 2686 1927 2777 quidem
1978 2688 2191 2756 huius
2226 2690 2781 2757 constructionis
2808 2711 3032 2758 exem-

716 2826 912 2914 plum
978 2824 1309 2892 occurrit.
1386 2822 1521 2890 Sed
1589 2824 1938 2890 assentior
2004 2821 2359 2908 Dobraeo,
2424 2824 2547 2912 qui
2604 2823 2774 2912 legit
2835 2827 2923 2887 κεῖ
2968 2847 3034 2911 με

590 2962 597 2966 ’
710 2966 793 3045 μή
842 2956 1085 3042 ’λύπει;,
1154 2977 1366 3047 quem
1435 2956 1747 3024 Dindorf.
1815 2940 2118 3024 secutus
2167 2962 2275 3023 est
2344 2956 2514 3040 (vid.
2564 2956 2770 3025 Dind.
2825 2958 2868 3025 l.
2917 2957 3028 3043 l.),

712 3100 783 3161 et
849 3093 965 3161 cui
1025 3092 1539 3161 constructioni
1609 3091 1784 3157 nibil
1858 3097 2245 3178 repugnat,
2311 3090 2397 3157 cf.
2464 3110 2613 3180 cap.
2674 3090 2736 3158 II
2786 3097 2825 3173 ξ
2873 3092 2916 3159 2
2960 3098 3026 3158 et

710 3244 860 3314 cap.
908 3225 971 3294 II
1018 3224 1055 3313 ξ
1100 3225 1182 3309 5,
1227 3224 1334 3291 1⁰.

1419 3599 1481 3667 2.
1573 3600 1869 3667 Aer-istus
1911 3601 2319 3668 coniunctivi.

794 3852 872 3920 In
936 3850 1306 3919 sententiis
1355 3847 1987 3934 conditionalibus,
2038 3849 2547 3938 temporalibus
2595 3859 2666 3917 et
2713 3850 3016 3918 relativis

705 4006 848 4054 aor.
899 3985 1058 4052 coni
1109 4004 1271 4054 cum
1318 3986 1390 4047 ἄν
1436 3982 1741 4069 indicat,
1792 3981 1962 4072 quid
2011 3983 2271 4051 factum
2310 3983 2403 4050 sit
2427 3990 2592 4051 ante
2615 3982 2687 4050 id
2713 3973 3023 4072 t'empuS‚

704 4138 845 4208 quo
911 4118 1274 4206 peragitur
1338 4116 1446 4200 id,
1518 4116 1704 4204 quod
1772 4115 2065 4184 verbum
2130 4115 2430 4202 indicat,
2504 4117 2692 4184 unde
2754 4117 3021 4205 pendet.

703 4251 803 4319 Cf.
853 4250 979 4318 Av.
1030 4271 1130 4318 vs.
1176 4249 1346 4332 489,
1409 4247 1578 4332 759,
1628 4247 1808 4343 Nub.
1860 4269 1960 4316 vs.
2009 4247 2176 4329 376,
2222 4247 2389 4332 351,
2435 4247 2602 4333 348,
2648 4249 2815 4337 404,
2854 4250 3018 4317 Ran.

703 4404 801 4452 vs,
864 4385 990 4467 16,
1051 4381 1204 4451 878.
1277 4383 1524 4472 Itaque
1591 4382 1716 4470 Eq.
1786 4401 1883 4449 vs.
1948 4380 2039 4448 92
2098 4388 2332 4446 πίνωσιν
2380 4391 2655 4450 mutare
2704 4385 2910 4451 velim
2956 4385 3020 4448 in

698 4524 902 4581 πίωσιν
923 4569 940 4601 ,
966 4517 1132 4605 quia
1157 4524 1319 4605 post
1344 4515 1564 4583 multa
1590 4513 1848 4604 pocula
1869 4565 1885 4595 ‚
1912 4535 2053 4582 non
2081 4535 2361 4604 semper
2393 4516 2583 4584 inter
2606 4515 2987 4584 bibendum
3005 4568 3023 4599 ,

702 4650 1021 4718 homines
1087 4648 1262 4717 ebrii
1329 4656 1517 4718 sunt.
1582 4647 1683 4716 Cf.
1734 4649 1897 4716 Pac.
1949 4668 2044 4717 vs.
2092 4648 2228 4716 916
2280 4657 2352 4717 et
2399 4648 2593 4717 1359.
2667 4649 2916 4740 Itaque
2965 4650 3021 4717 si
