3484 5609
1802 497 1891 566 14

770 695 893 783 Eq.
942 694 1064 763 40:
1142 725 1157 736 ·

1192 891 1398 980 λέγοιμ’
1443 893 1514 955 ἂν
1559 887 1695 961 ἤδη.
1744 902 1853 978 νῷν
1894 901 2010 982 γάρ
2056 893 2179 958 ἔστι
2220 887 2501 966 δεσπότης

1191 1030 1448 1115 ἄγροικος
1494 1032 1703 1115 ὀργήν,

681 1220 914 1289 verbis
998 1220 1211 1311 λέγοιμ’
1296 1223 1368 1284 ἄν
1442 1216 1560 1291 ἤδη
1639 1221 1889 1296 Οεκὲτης
1969 1221 2030 1288 Α
2095 1221 2447 1309 promittit
2515 1242 2591 1289 se
2662 1222 3027 1291 facturum

670 1376 868 1440 esse,
940 1354 1129 1442 quod
1192 1356 1432 1423 statim
1500 1357 1864 1442 sequitur,
1931 1354 2121 1423 unde
2184 1361 2380 1444 patet
2446 1360 2590 1444 opt.
2641 1361 2782 1444 pot.
2823 1355 3025 1424 idem

677 1509 833 1556 esse
879 1508 962 1557 ae
1009 1490 1070 1557 si
1118 1488 1407 1557 dixisset
1458 1494 1588 1578 ἐρῶ.
1626 1488 1759 1557 'Cf.
1813 1487 1979 1576 Cap.
2031 1488 2059 1555 1
2108 1489 2189 1557 A.
2240 1493 2280 1571 ξ
2326 1487 2388 1556 4.
2436 1490 2498 1557 3.
2551 1488 2652 1557 Cf.
2703 1489 2860 1576 Lys
2913 1510 3023 1557 vs.
3093 1573 3166 1598 Β,

675 1621 763 1688 97
825 1621 949 1690 ubi
1012 1624 1404 1712 Lysistrata
1452 1643 1529 1691 se
1575 1623 1715 1690 iam
1765 1623 2064 1711 imperio
2117 1622 2518 1710 Myrrhinae
2565 1622 3022 1711 obtempera-

677 1762 910 1824 turam
973 1777 1131 1825 esse
1192 1756 1544 1845 promittit
1614 1754 1850 1824 verbis
1916 1755 2123 1846 λέγοιμ·
2172 1758 2242 1820 ἂν
2290 1752 2425 1827 ἤδη.
2475 1756 2574 1825 Cf.
2625 1776 2835 1845 porro
2885 1757 3021 1846 Eq.

679 1911 777 1957 vs.
829 1888 994 1974 750,
1042 1888 1239 1958 1110.

1210 2227 1249 2304 5
1300 2221 1362 2288 6.
1456 2220 1550 2289 De
1593 2229 1716 2310 opt.
1760 2229 1889 2309 pot.
1931 2243 2052 2309 pro
2099 2221 2505 2311 Imperativc».

765 2454 925 2544 Opt.
1005 2460 1145 2543 pot.
1220 2474 1733 2543 nonnunquam
1805 2453 2185 2523 adhibetur
2249 2455 2403 2523 loeo
2466 2454 2900 2543 imperativi,
2951 2456 3015 2523 si

675 2589 835 2675 quis
886 2587 1205 2656 modeste
1269 2587 1540 2677 aliquid
1602 2587 1809 2676 jubet
1855 2595 1980 2656 aut
2027 2589 2222 2677 petit.
2282 2589 2357 2656 E.
2410 2610 2469 2677 g.
2521 2590 2681 2657 Pac,
2733 2610 2830 2657 vs.
2876 2590 3017 2658 957

675 2742 867 2812 seqq.
941 2722 1076 2790 Ubi
1143 2722 1504 2812 Trygaeus
1570 2742 1858 2791 servum
1924 2722 2342 2812 imperativo
2388 2722 2586 2791 iubet
2633 2723 3014 2791 circumire

675 2875 904 2924 aram:

1264 3056 1458 3146 περίιθι
1504 3060 1597 3119 τὸν
1643 3050 1840 3140 βωμὸν
1886 3057 2109 3139 ταχέως
2153 3047 2417 3130 ἐπιδέξια.

757 3250 1019 3320 Servus
1082 3259 1320 3320 autem
1384 3258 1526 3340 opt.
1601 3256 1743 3339 pot.
1797 3249 2160 3318 dominum
2211 3257 2449 3338 rogat,
2498 3257 2577 3320 ut
2626 3251 2797 3339 quid
2844 3254 3010 3320 novi

674 3384 1005 3473 imperet3
1057 3404 1132 3454 se
1181 3386 1369 3455 enim
1417 3387 1557 3455 iam
1609 3384 1863 3455 fecisse
1911 3404 2094 3473 quae
2140 3367 2380 3454 iussus
2430 3386 2522 3453 sit
2570 3386 2829 3454 faeere:

1274 3577 1412 3648 ἰδού·
1461 3582 1638 3674 λέγοις
1684 3584 1756 3647 ἄν
1801 3580 1954 3647 ἄλλο·
2007 3580 2401 3673 περιελήλυθα.

678 3774 778 3843 Cf.
844 3775 969 3866 Eq.
1037 3797 1137 3846 vs.
1204 3774 1374 3846 1161
1439 3779 1591 3844 eim·
1653 3795 1734 3846 ειν.
1819 3777 1971 3846 Vid.
2032 3797 2242 3867 porro
2289 3777 2593 3866 Krflgeri
2639 3778 2758 3847 Gr.
2812 3778 3006 3867 Synt.

679 3914 717 3990 s
766 3907 873 3977 54.
923 3910 984 3978 3.
1037 3912 1116 3979 A.
1165 3910 1227 3980 8.
2113 3877 2117 3884 ’

766 4043 922 4113 Non
971 4065 1133 4115 eum
1185 4046 1316 4116 hoc
1364 4047 1678 4135 optativo
1732 4045 2103 4136 potentiali
2148 4046 2691 4115 confundendus
2717 4053 2826 4114 est
2851 4044 3008 4128 ille,

678 4196 887 4264 quem
978 4198 1192 4268 supra
1280 4179 1829 4250 memoravimus
1922 4179 2121 4270 (Cap.
2192 4179 2218 4248 1
2291 4180 2371 4248 A.
2450 4184 2492 4262 ξ
2560 4178 2622 4247 4.
2688 4177 2769 4246 2⁰
2825 4201 2870 4246 a
2935 4184 3009 4246 et

678 4308 841 4398 Cap.
915 4312 942 4378 I
998 4311 1075 4379 ‘A
1146 4317 1185 4394 g
1259 4312 1374 4400 5),
1443 4313 1563 4403 qui
1629 4311 2012 4384 adhibetur
2077 4314 2146 4382 in
2213 4310 2892 4402 interrogationibus
2939 4318 3008 4379 et

677 4463 1188 4533 nonnunquam
1247 4447 1624 4517 coniuncta
1673 4453 1783 4516 eat
1830 4467 1991 4516 cum
2057 4447 2407 4540 particula
2463 4447 2861 4536 negationis
2917 4445 3010 4513 ad

678 4576 1173 4668 imperativum
1223 4579 1698 4652 indicandum.
