3484 5609
1646 587 1734 654 39

518 785 913 853 sententiae
960 785 1036 852 in
1083 784 1406 853 oratione
1453 783 1742 873 obliqua
1791 788 1860 851 et
1903 783 2302 879 sententiae
2342 783 2531 851 unde
2558 765 2858 872 pendet,

520 919 652 986 hae
698 918 986 1008 regulae
1035 916 1312 986 valent:

520 1145 527 1155 ἱ
604 1051 700 1119 10.
750 1051 1163 1120 Sententiae
1209 1071 1596 1140 suspensae
1642 1050 1730 1119 ab
1782 1051 2097 1139 optativo
2144 1049 2256 1118 vel
2303 1048 2393 1117 ab
2431 1049 2566 1118 alia
2595 1050 2859 1134 forma,

519 1206 658 1275 qua
707 1191 951 1254 votum
997 1185 1390 1266 indicatur,
1440 1191 1963 1254 construuntur
2010 1205 2173 1253 cum
2213 1184 2549 1273 optativo.
2595 1183 2695 1256 Cf.
2726 1182 2858 1251 Av.

518 1340 618 1388 vs.
665 1318 834 1406 447,
896 1320 1021 1408 Eq.
1071 1339 1171 1387 vs.
1219 1317 1388 1398 694,
1433 1316 1605 1402 935,
1654 1318 1863 1407 Vesp.
1917 1338 2014 1385 νε.
2063 1316 2229 1404 819,
2277 1317 2492 1401 1431,
2541 1317 2701 1385 Pac.
2757 1339 2853 1384 vs.

513 1452 684 1538 437,
747 1451 944 1521 1972.
1009 1452 1249 1541 Comp.
1301 1471 1511 1541 porro
1561 1451 1719 1519 Pac.
1774 1471 1871 1519 vs,
1918 1450 2051 1519 437
2099 1457 2169 1519 et
2215 1449 2352 1519 450
2397 1471 2561 1519 cum
2607 1449 2735 1519 441
2788 1456 2856 1519 et

515 1587 684 1666 448,
748 1586 872 1655 ubi
931 1586 1361 1655 indicativus
1406 1585 1729 1653 ‘eundem
1784 1584 2017 1654 locum
2068 1590 2405 1674 occupat,
2456 1605 2668 1674 quem
2716 1604 2856 1652 am·

517 1718 746 1789 bobus
816 1719 1174 1809 prioribus
1243 1719 1418 1787 locis
1487 1719 1869 1808 optativus.
1939 1716 2065 1786 Av.
2134 1738 2233 1785 νε.
2290 1718 2469 1787 1338
2524 1724 2597 1786 et
2641 1717 2861 1800 1339,

518 1853 641 1923 ubi
703 1861 846 1942 opt.
916 1873 1079 1922 cum
1126 1871 1190 1916 ow
1236 1873 1277 1921 a
1325 1857 1489 1921 voto
1534 1853 1834 1941 pendet,
1892 1873 2071 1941 quos
2112 1873 2361 1921 versus
2403 1873 2442 1920 e
2489 1851 2853 1942 tragoedia

519 1988 852 2071 haustoS,
908 1986 1221 2056 Kockius
1291 1987 1573 2075 spurios
1635 2006 1795 2054 esse
1856 1992 2082 2074 putat.
2152 1985 2340 2072 (Vid.
2411 1986 2603 2054 Kock
2653 1985 2699 2052 l.
2750 1985 2855 2072 l.).

611 2122 789 2189 Ran.
842 2141 939 2189 vs,
987 2120 1124 2189 585
1169 2120 1564 2189 scribatur:

942 2308 1052 2371 κᾶν
1095 2311 1144 2371 εἴ
1183 2331 1254 2394 με
1297 2313 1553 2387 τύπτοις,
1600 2311 1701 2369 οὐκ
1748 2308 1821 2369 ἂν
1865 2313 2174 2393 οἱντείποιμί
2217 2329 2326 2369 σοι.

941 2440 1069 2504 ἀλλ’
1115 2445 1165 2506 εἴ
1206 2465 1274 2506 σε
1319 2449 1414 2506 τοῦ
1462 2439 1650 2505 λοιποῦ
1698 2446 1820 2506 ποτ’
1866 2439 2171 2531 ἀφελοίμην
2211 2441 2420 2530 χρόνου

945 2579 1241 2666 πρόρριζος
1286 2578 1489 2661 αὐτὸς,
1531 2583 1569 2645 ὴ
1613 2581 1800 2666 γυνή,
1845 2583 1922 2639 τά
1969 2569 2205 2659 παιδία,

940 2714 1167 2775 κάκιστ’
1211 2707 1526 2797 ἀπολοίμην
1544 2762 1561 2794 ,
1609 2704 1977 2799 κάρχέὸήμος
2023 2711 2051 2771 ὁ
2097 2706 2354 2798 γλάμων.

517 2886 810 2968 propter
856 2885 1099 2947 votum
1146 2879 1336 2946 enim
1387 2879 1499 2947 bic
1544 2880 1620 2946 in
1668 2878 2023 2946 sententia
2070 2876 2531 2945 conditionali
2579 2896 2849 2966 ponen—

518 3013 689 3082 dum
735 3020 844 3081 est
887 3016 937 3076 εἴ
980 3065 995 3081 .
1025 3066 1040 3080 .
1071 3062 1086 3078 .
1114 3066 1129 3080 .
1178 3012 1521 3104 ὠφελοίμην,
1567 3032 1710 3080 non
1758 3018 1839 3080 ut
1886 3032 1970 3079 ex
2018 3011 2220 3080 libris
2270 3011 2434 3080 Mss.
2485 3011 2599 3079 edi
2624 3011 2850 3098 solet,

520 3149 589 3217 ἦν
637 3197 651 3210 .
681 3199 696 3213 .
727 3200 741 3213 .
770 3197 786 3211 .
831 3145 1158 3238 ἀφέλωμαι.

609 3280 769 3348 Pac.
821 3301 919 3348 vs.
965 3278 1102 3347 450
1144 3279 1543 3350 scribatur:

942 3470 1029 3530 κεῖ
1069 3490 1150 3540 τις
1192 3428 1535 3556 στρατηγεῖν
1580 3463 1919 3552 βουλόμενος
1964 3472 2046 3552 μή
2093 3462 2374 3549 ξυλλάβοι
2396 3515 2412 3546 ,

945 3601 983 3670 ἢ
1026 3595 1224 3674 δοῦλος
1269 3597 1596 3686 αὐτομολεῖν
1633 3603 2178 3689 παρεσκευασμένος
2208 3649 2224 3679 ,

943 3739 1032 3798 ἐπὶ
1075 3741 1174 3799 τοῦ
1217 3741 1427 3824 τροχοῦ
1470 3738 1524 3823 y’
1569 3730 1779 3797 ἕλκοιτο
1825 3737 2298 3822 μαστιγούμενος.

522 3923 662 3971 non
709 3907 797 3967 κει
1030 3900 1297 3991 &impp
1344 3923 1510 3971 cum
1556 3902 1968 3970 Hermanno
2014 3923 2053 3969 e
2100 3901 2316 3970 Codd.
2371 3874 2558 3991 (Lib.
2599 3901 2662 3969 11
2690 3901 2854 3989 cap.

521 4034 596 4123 7)
646 4056 878 4126 neque
923 4053 1024 4099 now
1205 4086 1220 4101 .
1267 4033 1533 4124 ξυλλάβῃ
1581 4056 1744 4103 cum
1798 4035 1977 4103 aliis,

610 4170 888 4238 Pariter
936 4170 1095 4238 Pac.
1146 4190 1246 4238 vs.
1293 4168 1426 4238 437
1475 4189 1639 4240 cum
1686 4168 2094 4242 Dindorfio:

1009 4359 1225 4445 χῶστις
1267 4358 1563 4447 προθύμως
1607 4352 1882 4440 ξυλλάβοι
1926 4365 2040 4420 τῶν
2084 4362 2352 4442 σχοινίων

1011 4501 1202 4558 τοῦτον
1245 4498 1338 4557 τὸν
1382 4486 1563 4582 ἄνδρα
1606 4497 1689 4578 μή
1729 4488 1930 4575 λαβεῖν
1977 4495 2095 4555 ποτ’
2141 4485 2390 4557 α’σπίδα.

522 4661 656 4729 Ubi
682 4662 1127 4728 Her-mannus
1152 4679 1524 4749 perperam
1550 4658 2008 4727 scribendum
2034 4663 2239 4747 putat
2261 4655 2547 4747 ξυλλάβῃ.
2571 4657 2726 4725 Vid.
2747 4658 2791 4726 l.
2813 4658 2857 4725 l.
