3484 5609
1767 584 1858 652 84

730 782 856 848 Av.
908 802 1006 848 vs.
1053 780 1221 848 505:
1278 778 1497 865 χώπόθ’
1522 783 1550 842 ὁ
1574 774 1785 854 κόκκυξ
1807 782 1941 843 εἴποι
1965 782 2144 840 κόκκυ
2170 779 2279 842 τότ’
2303 797 2364 840 ἂν
2388 752 2442 840 οἷ
2458 778 2711 854 Φοίνικες
2732 784 2985 855 ἅπαντες

1278 924 1406 987 τοὺς
1449 917 1656 1002 πυροὺς
1698 929 1760 974 ἀν
1807 914 1904 974 καὶ
1938 919 2042 985 τας
2064 914 2266 1000 κριθάς
2285 914 2343 974 ἐν
2366 923 2476 986 τοῖς
2505 907 2707 988 πεδίοις
2731 915 2983 1001 ἐθέριζον.

552 1140 567 1149 ἢ
643 1047 742 1113 Cf.
790 1045 966 1113 Ach.
1020 1067 1117 1113 vs.
1165 1044 1332 1125 214,
1391 1046 1517 1134 Eq.
1569 1065 1670 1112 vs.
1718 1044 1893 1129 855,
1944 1044 2122 1112 Ran.
2174 1064 2274 1112 vs.
2321 1043 2446 1131 34,
2497 1045 2657 1132 Lys.
2709 1066 2807 1114 VS.
2857 1046 2984 1133 42,

642 1179 769 1245 Av.
821 1198 920 1244 vs.
966 1177 1180 1263 1592,
1231 1175 1416 1246 Plut.
1469 1198 1567 1246 vs.
1614 1176 1770 1245 511.

732 1310 1261 1399 Nonnunquam
1282 1364 1300 1397 ‚
1342 1311 1670 1398 quamvis
1696 1309 1931 1379 rarius
1954 1363 1971 1395 ‚
1999 1308 2296 1378 verbum
2321 1307 2570 1378 ambas
2596 1312 2989 1399 particulas

642 1442 1023 1530 praecedit.
1073 1442 1151 1509 E.
1201 1462 1264 1530 g.
2653 1531 2666 1542 ι

733 1574 795 1640 Ν
801 1573 917 1643 ub.
944 1595 1045 1641 vs.
1070 1573 1241 1641 977:
1289 1573 1562 1660 ἠλείψατο
1605 1568 1730 1637 δ’ᾱν
1753 1572 2080 1663 τούμφαλοῦ
2103 1569 2282 1648 οὐδεὶς
2308 1586 2441 1650 παῖς
2465 1578 2757 1667 ὑπένερθεν
2780 1577 2893 1642 τὸτ’
2920 1596 2990 1639 ἀν

734 1707 909 1774 Ran.
938 1705 1231 1774 vs-914:
1280 1710 1308 1769 ὁ
1353 1701 1419 1770 δὲ
1466 1713 1637 1795 χορὸς
1685 1707 1742 1795 γ’
1792 1701 2009 1796 ἤρειδεν
2058 1709 2334 1797 ὁρμαθοὺς
2376 1722 2437 1771 ἂν

1279 1837 1467 1925 μελῶν
1510 1836 1702 1928 ἐφεξῆς
1748 1842 2028 1929 τέτταρας
2075 1836 2331 1925 ξυνεχῶς
2378 1858 2460 1909 ἄν.

733 1970 1370 2039 Animadversione
1426 1970 1684 2060 dignus
1733 1977 1844 2039 est
1891 1966 2127 2041 locus:
2179 1972 2367 2042 Eccl.
2418 1995 2514 2042 vs.
2562 1973 2698 2042 308
2744 1993 2940 2061 seqq.
2972 2027 2990 2058 ‚

646 2105 768 2174 ubi
816 2104 1225 2174 Dindorfius
1273 2103 1556 2173 scribit:
1829 2088 1838 2093 ’
2879 2092 2882 2095 “

1441 2236 1575 2301 ἀλλ’
1624 2239 1764 2307 ἧκεν
1809 2240 2051 2325 ἕκαστος

1440 2374 1498 2433 ἐν
1543 2365 1788 2457 ἀσκιδίῳ
1834 2374 2016 2460 φέρων

1444 2514 1585 2568 πιεῖν
1633 2508 1762 2590 ἅμα
1807 2503 2027 2593 τ’ἅρτον
2074 2522 2137 2567 ἄν

1444 2643 1540 2699 καί
1585 2642 1725 2725 πρὸς
1769 2630 1872 2699 δύο
1920 2641 2195 2726 κρομμύω

1444 2777 1541 2832 καὶ
1587 2778 1732 2859 τρεῖς
1778 2788 1840 2832 ἂν
1884 2767 2079 2845 ἐλάας.
2899 2852 2904 2860 .

648 2901 786 2970 Ubi
875 2899 1225 2989 particula
1296 2919 1357 2963 ἀν
1427 2907 1587 2988 post
1659 2899 2087 2970 vocabulum
2157 2924 2316 2993 ἄρτον
2388 2901 2734 2971 collocata
2805 2908 2991 2970 teste

650 3034 1012 3103 Dindorfio
1061 3034 1474 3102 coniectura
1539 3041 1649 3103 est
1686 3035 2026 3118 Dawesii,
2091 3056 2255 3104 cum
2304 3035 2388 3103 R.
2440 3035 2777 3124 praebeat
2821 3054 2994 3124 ἄρτον

646 3167 722 3233 αὖ
786 3175 855 3236 et
909 3168 1060 3231 ΑΒΓ
1105 3168 1239 3236 hoc
1288 3166 1366 3231 αὖ
1417 3169 1722 3236 omittat.
1773 3168 1900 3271 His
1951 3167 2314 3236 vocabulis
2365 3169 2664 3256 pristina
2706 3188 2989 3236 morum

647 3301 1068 3391 simplicitas
1140 3301 1607 3386 describitur,
1662 3320 1896 3389 ‘quam
1967 3300 2057 3369 ob
2122 3320 2272 3368 rem
2338 3300 2763 3370 vocabulum
2825 3319 2989 3392 ἄρτον

650 3435 939 3503 minime
978 3434 1497 3502 intendendum
1543 3440 1687 3521 est,
1738 3435 1914 3522 quin
1940 3434 2154 3502 etiam
2178 3434 2488 3523 languet.
2539 3434 2785 3522 Itaque
2811 3434 2991 3503 mihi

648 3568 874 3657 magis
923 3567 1154 3656 placet
1202 3566 1395 3656 quod
1444 3567 1793 3656 Bergkius
1841 3566 1975 3636 hoc
2028 3565 2182 3635 loco
2230 3564 2511 3635 scribit:

1551 3717 1714 3790 ἄρτον
1762 3698 1838 3764 αὗ
1885 3738 1969 3751 -

1444 3854 1504 3897 ον
1548 3841 1647 3896 καὶ
1691 3827 1793 3896 δύο
1831 3836 2107 3923 κρομμύω

1445 3975 1540 4029 καὶ
1584 3964 1729 4054 τρεῖς
1777 3985 1841 4029 ᾰν
1863 3963 2080 4059 ἐλάας.

648 4102 747 4169 De
810 4098 1223 4168 huiusmodi
1285 4097 1751 4167 collocatione
1814 4096 2211 4186 particulae
2276 4096 2363 4164 cf.
2422 4098 2600 4165 Rau.
2665 4117 2765 4165 vs.
2811 4097 2986 4183 948,

647 4233 734 4300 de
799 4233 954 4300 eius
1017 4230 1480 4301 collocatione
1539 4236 1700 4319 post
1749 4228 2182 4299 adiectivum
2231 4229 2596 4297 numerale
2644 4229 2729 4298 cf.
2774 4230 2984 4318 Vesp.

648 4388 748 4435 vs.
799 4365 948 4434 709.

737 4500 1075 4577 Quamvis
1145 4486 1497 4588 particula
1558 4497 1984 4587 plerumque
2048 4502 2331 4567 tantum
2395 4502 2797 4586 repetatur,
2861 4495 2990 4565 ubi

596 4706 611 4717 ,
649 4635 883 4722 priore
948 4633 1101 4701 loco
1166 4632 1374 4722 longe
1421 4653 1462 4701 a
1513 4631 1727 4702 verbo
1777 4635 2245 4716 remota‘est,
2315 4638 2555 4699 tamen
2604 4629 2988 4699 nonnullos
