3484 5609
1645 919 1680 1005 ξ
1726 923 1790 985 5.
1862 914 2014 981 Οὐδ’
2063 922 2154 982 ἅν.

826 1165 1115 1234 Duobus
1180 1165 1577 1234 rationibus
1650 1161 1778 1229 οὐδὲ
1840 1165 2163 1233 adhiberi
2213 1172 2465 1254 potest.
2555 1164 2735 1233 Nam
2787 1170 3050 1231 senten-

734 1299 866 1366 tias
930 1300 1107 1367 duas
1174 1299 1275 1366 vel
1348 1298 1688 1366 vocabula
1757 1297 1898 1368 duo
1961 1300 2397 1387 coniungere
2445 1304 2719 1387 potest,
2772 1297 2914 1365 sive
2958 1304 3053 1363 est

730 1430 1054 1499 additum
1101 1434 1206 1514 ἄν,
1257 1430 1447 1519 quod
1496 1430 2031 1518 ad·proximum
2078 1430 2371 1499 verbum
2401 1430 2746 1517 pertinet,
2790 1429 2909 1496 sed
2934 1429 3055 1540 nac

602 1550 611 1561 ³
730 1564 1230 1632 coniunctione
1291 1570 1675 1631 attractum
1738 1570 1848 1632 est
1912 1584 1970 1631 e.
2024 1585 2085 1652 g.
2136 1563 2319 1631 Nub.
2369 1583 2470 1631 vs.
2518 1561 2655 1630 978
2699 1557 2821 1625 οὐδ’
2867 1563 3054 1626 ἂν...

729 1690 1028 1779 ἐβάδιζεν,
1093 1716 1192 1763 νε.
1256 1694 1392 1763 980
1451 1691 1567 1760 οὐδ’
1627 1697 1737 1762 ἂν.
1772 1750 1783 1762 .
1813 1745 1826 1759 .
1855 1694 2016 1781 ε’ξήν,
2083 1695 2261 1763 ‘1432
2306 1691 2423 1760 οὐδ’
2469 1697 2581 1763 ἂν.
2611 1689 2887 1762 ..δοκοίη
2934 1700 3053 1760 cet.

730 1829 878 1896 sive
924 1827 1045 1895 ina
1093 1828 1500 1897 coniunctio
1550 1828 1899 1917 particula
1946 1831 2017 1891 ἄν
2065 1836 2279 1896 caret.
2331 1829 2406 1895 E.
2459 1848 2519 1916 g.
2572 1828 2750 1895 Ran.
2781 1824 3057 1894 vs.899:

1431 2022 1593 2109 λῆμα
1637 2017 1688 2086 δ’
1735 2027 1835 2086 οὐκ
1879 2021 2122 2109 ἄτολμον
2167 2030 2387 2112 ἀμφοῖν.

1429 2150 1549 2219 οὐδ’
1596 2162 1849 2225 ἀκίνητοι
1892 2158 2101 2245 φρένες.

833 2348 962 2417 Ubi
1025 2349 1213 2416 idem
1287 2348 1641 2437 significat
1710 2368 1794 2416 ac
1865 2348 2113 2418 vocula
2184 2354 2284 2412 κού
2350 2353 2714 2415 contracta
2763 2369 2801 2414 e
2846 2356 2940 2409 καὶ
2984 2351 3060 2409 οὐ.

738 2482 817 2548 Ε.
869 2502 930 2568 g.
981 2480 1109 2549 Av.
1160 2502 1258 2548 νε.
1308 2479 1475 2547 471:

846 2677 1073 2761 α’μαθής
1119 2683 1237 2764 γάρ
1281 2675 1406 2765 ἔφυς
1454 2679 1551 2738 κού
1597 2673 2029 2764 πολυπράγμων
2048 2725 2062 2754 ,
2111 2668 2231 2738 οὐδ’
2281 2676 2550 2738 Αἴσωπον
2595 2681 2950 2747 πεπάτηκας.

828 2869 965 2937 Sed
1036 2869 1247 2938 etiam
1314 2868 1714 2957 significare
1779 2874 2012 2957 potest
2073 2889 2156 2936 ne
2356 2869 2637 2957 quidem.
2706 2868 2781 2935 Ε.
2832 2889 2892 2957 g.
2941 2867 3061 2934 Av.

738 3023 837 3069 vs.
883 3001 1051 3070 296:

1038 3191 1161 3259 οὐδ’
1208 3190 1341 3259 ἰδεῖν
1384 3200 1459 3259 ἐτ’
1506 3194 1624 3258 ἔσθ’
1673 3200 1764 3258 ὑπ’
1810 3199 1999 3259 αὐτῶν
2046 3199 2360 3281 πετομένων
2406 3202 2508 3264 τήν
2546 3188 2769 3267 εἰςοὸον.

825 3390 1002 3458 Ran.
1055 3411 1154 3458 νε.
1206 3388 1326 3457 75;

1178 3572 1241 3630 οὐ
1287 3575 1404 3658 γάρ
1449 3571 1586 3656 σάφ’
1629 3560 1736 3629 οἶδ’
1784 3561 1899 3629 οὐδ’
1944 3571 2082 3631 αὐτὸ
2127 3568 2271 3631 τοῦθ’
2316 3569 2464 3640 ὅπως
2509 3567 2646 3651 ἔχει.

826 3759 1009 3828 Nub.
1075 3780 1175 3828 VS.
1238 3760 1418 3828 ‘1396
1479 3758 1604 3822 α’λλ’
1666 3754 1784 3823 οὐδ’
1832 3742 2148 3850 ἐρεβῖνθου,
2199 3761 2361 3829 Pac.
2410 3780 2510 3827 VS.
2558 3757 2737 3827 ’1200
2780 3755 2909 3823 οὐδὲ
2954 3758 3071 3823 κολ·

735 3890 930 3977 λύβου.
1001 3892 1117 3960 Sic
1180 3894 1465 3982 saepius
1522 3887 1650 3956 οὐδὲ
1697 3913 1861 3960 cum
1909 3891 2320 3961 huiusmodi
2368 3892 2730 3960 vocabulis
2781 3894 3070 3960 coniun-

735 4025 928 4114 gitur
973 4026 1063 4093 ad
1112 4025 1254 4092 vim
1302 4025 1701 4113 negationis
1750 4024 2168 4113 augendam.
2221 4023 2334 4105 Οἳ.
2372 4025 2532 4113 Lys.
2581 4045 2680 4092 νε.
2728 4023 2894 4092 107;

1219 4217 1354 4282 ἀλλ’
1403 4213 1507 4282 οὐδ
1509 4224 1534 4282 ὲ
1577 4227 1779 4305 μοιχοῦ
1825 4217 2264 4284 καταλέλειπται
2307 4217 2584 4309 φεψάλυξ.

826 4413 985 4500 LyS.
1031 4433 1128 4481 νε.
1176 4412 1344 4481 109:

1282 4613 1383 4670 οὐκ
1432 4602 1577 4671 εἶδον
1624 4603 1740 4670 οὐδ’
1785 4604 2015 4690 ’ὄλισβον
2062 4603 2515 4673 ὀκτωδάκτυλον.
