3484 5609
1589 584 1672 652 51

385 788 390 791 ’
514 863 520 868 ‚
570 780 671 849 Cf.
721 781 881 870 LYS.
931 802 1030 850 vs.
1080 780 1290 849 1111:

901 994 1028 1059 ἀλλ’
1078 1000 1202 1083 οὐχὶ
1246 994 1500 1082 χαλεπὸν
1548 993 1779 1087 τοῦργον
1798 1049 1814 1081 ,
1864 1003 1910 1058 εἰ
1950 992 2118 1078 λάβοι
2159 999 2227 1084 γε’
2273 1018 2354 1068 τις

900 1136 1184 1220 ὀργῶντας
1224 1128 1489 1200 ἀλλήλων
1536 1153 1593 1194 τε
1636 1136 1720 1216 μή
1765 1133 2198 1219 ’κπειρωμὲνους.

562 1396 747 1465 Plut.
798 1418 897 1465 vs.
942 1396 1108 1465 329:

983 1614 1159 1683 δεινὸν
1204 1630 1321 1710 γάρ
1374 1630 1417 1684 εἰ
1463 1618 1774 1710 τριωβόλου
1821 1625 1923 1704 μὲν
1967 1620 2168 1681 οὔνεκα

986 1755 1353 1841 ὠστιζόμεσθ’
1403 1753 1667 1818 ἑκάστοτ’
1715 1759 1773 1817 ἐν
1817 1750 2138 1834 τήκκλησίᾳ

984 1893 1156 1953 αὐτὸν
1204 1882 1269 1951 δὲ
1316 1894 1408 1951 τὸν
1456 1885 1713 1951 Πλοῦτον
1760 1892 1997 1976 παρείην
2040 1908 2121 1971 τῳ
2166 1881 2385 1967 λαβεῖν.

471 2146 596 2215 ubi
645 2147 883 2214 mente
930 2145 1095 2213 addi
1147 2152 1380 2234 potest
1427 2152 1568 2234 opt.
1623 2150 1764 2233 pot.
1813 2146 1885 2207 ἂν
1931 2147 2032 2214 εἴη.
2083 2138 2255 2207 δεινὸν
2300 2102 2418 2232 {dp
2463 2143 2535 2205 ἂν
2582 2146 2685 2212 εἴη.

560 2279 661 2348 Cf.
732 2279 1034 2348 subinde
1100 2278 1227 2348 Av.
1297 2301 1392 2347 vs.
1442 2279 1574 2347 447
1621 2287 1691 2346 et
1738 2277 2033 2367 optativi
2083 2276 2471 2365 pendentes
2518 2275 2606 2343 ab
2654 2283 2796 2363 opt.
2907 2253 2910 2256 ’

468 2421 613 2503 pot.
670 2434 821 2502 cap.
872 2413 932 2480 II
983 2418 1022 2495 ξ
1070 2413 1114 2481 2
1161 2419 1230 2480 et
1279 2420 1422 2501 opt.
1472 2412 1864 2501 pendentes
1910 2430 1952 2477 a
2001 2417 2181 2477 voto,

559 2547 660 2616 Cr.
729 2566 938 2635 porro
1002 2545 1128 2614 Av.
1194 2567 1292 2613 vs.
1357 2544 1524 2630 180,
1587 2544 1710 2613 ubi
1754 2565 1917 2613 cum
1964 2543 2228 2611 Cobeto
2276 2542 2651 2631 legendum
2691 2551 2798 2611 est

464 2688 649 2772 ὥςπερ
719 2689 764 2745 εἰ
840 2678 1017 2771 λέγοις
1095 2681 1260 2755 τόπος
1336 2700 1473 2747 non
1555 2699 1718 2746 cum
1800 2678 2206 2746 Hermanno
2283 2683 2474 2767 ὥσπερ
2534 2680 2660 2767 εἴπῃ
2721 2700 2798 2743 τις

471 2819 668 2900 τόπος,
717 2821 789 2882 et
838 2834 936 2881 vs·
985 2813 1118 2882 282
1159 2819 1346 2904 ὥςπερ
1391 2821 1435 2876 εὶ
1478 2811 1656 2902 λέγοις
1699 2814 2001 2887 Ἱππόνικος
2041 2809 2299 2876 Καλλίου
2343 2807 2453 2886 κάξ
2480 2811 2797 2876 Ἱππονίκου

467 2946 752 3024 Καλλίας.

601 3323 638 3413 ἓ
683 3324 747 3392 5.
845 3322 1211 3391 Sententiae
1255 3322 1711 3390 conditionales
1732 3374 1751 3406 ,
1806 3323 2184 3410 temporales
2228 3329 2287 3388 et
2331 3322 2657 3390 relativae.

1168 3606 1230 3676 ²1.
1323 3607 1647 3677 Praesens
1689 3608 2091 3676 coniunctivi.

557 3859 635 3927 In
711 3859 1084 3926 sententiis
1154 3855 1788 3940 conditionalibuS,
1863 3840 2411 3945 temporalibuffi
2481 3855 2794 3924 relativis

464 3999 539 4060 et
603 3993 676 4060 in
744 3990 1241 4080 questionibus
1299 3990 1667 4059 indirectis
1731 3991 2009 4058 diversa
2065 3997 2385 4078 tempora
2430 3990 2792 4058 indicativi

464 4126 656 4195 idem
704 4126 1107 4215 significant
1157 4125 1348 4214 quod
1395 4127 1465 4192 in
1516 4127 1835 4193 oratione
1884 4133 2096 4195 reeta.
2147 4125 2247 4193 Cf.
2275 4124 2457 4194 Nub.
2503 4124 2792 4213 vss295,

463 4260 598 4329 327
625 4314 643 4345 ,
688 4258 1078 4341 4114—4205
1125 4259 1296 4343 598,
1341 4258 1520 4328 1000
1568 4259 1692 4328 Αν.
1744 4280 1842 4328 νε.
1868 4258 2019 4327 531.
2061 4258 2234 4328 Ach.
2264 4280 2363 4327 νε.
2389 4257 2554 4346 307,
2583 4259 2789 4348 Vesp.

467 4416 568 4463 νε.
616 4393 787 4477 630,
836 4393 958 4462 731
987 4446 1003 4478 ‚
1049 4392 1220 4478 961,
1268 4394 1443 4462 Ran.
1495 4414 1593 4461 νε.
1641 4391 1809 4477 579,
1860 4392 2140 4461 Thesm.
2190 4414 2289 4460 vs.
2335 4391 2486 4462 331.
2541 4394 2662 4482 Eq.
2692 4414 2791 4462 vs.

468 4526 636 4616 294,
684 4527 853 4613 295,
899 4525 1066 4613 400,
1116 4525 1281 4615 767,
1330 4526 1496 4613 769,
1545 4526 1696 4596 790.

555 4661 694 4730 Sed
758 4662 1221 4751 praeteritum
1286 4660 1604 4751 pendens
1665 4680 1707 4729 a
1769 4660 2154 4751 praeterito
2219 4681 2382 4730 cum
2443 4664 2516 4725 ἄν
2576 4661 2651 4730 in
2714 4682 2791 4730 re
