3484 5609
1721 516 1767 580 8

588 707 724 776 259
790 708 1096 778 eundem
1166 709 1401 777 locum
1468 710 1541 777 in
1614 711 1972 778 sententia
2034 717 2407 799 occupant.
2475 711 2552 779 Si
2600 731 2730 801 pro
2775 712 2926 776 εἶπον

593 862 695 910 vs.
741 844 878 911 255
923 844 1135 912 etiam
1186 843 1510 911 futurum
1556 848 1843 931 tempus
1886 849 2077 911 esset
2094 897 2113 928 ‚
2182 844 2439 912 ceteris
2486 850 2935 934 congrueret.

592 976 929 1057 Quamvis
988 979 1209 1068 igitur
1278 983 1462 1046 teste
1525 977 1729 1045 Dind.
1796 976 1838 1045 l.
1890 976 1933 1045 l.
1999 978 2378 1047 lectionem
2439 979 2588 1042 εἷπον
2659 978 2934 1047 Scholi-

591 1115 748 1177 asta
805 1110 897 1178 ad
960 1112 1135 1180 Ach.
1199 1131 1299 1179 vs.
1355 1110 1491 1180 863
1535 1117 1607 1179 et
1654 1110 1914 1179 Suidas
1960 1111 2036 1179 in
2083 1131 2255 1179 voce
2301 1117 2479 1199 τούτῳ
2523 1117 2625 1198 μέν
2672 1112 2933 1181 confir-

591 1251 824 1327 ment,
883 1251 1125 1314 tamen
1185 1244 1432 1334 legunt
1498 1244 1828 1313 nonnulli
1876 1249 2107 1333 εἴποιμ’,
2156 1246 2350 1334 quod
2395 1252 2571 1334 puto
2617 1245 2937 1335 intellegi

590 1399 722 1468 pro
780 1382 976 1466 εἵποῳ’
1037 1381 1128 1443 ἄν.
1193 1378 1350 1446 Non
1415 1384 1656 1446 autem
1720 1381 1793 1440 ἄν
1840 1377 2193 1446 eiusmodi
2240 1378 2397 1447 loco
2445 1379 2678 1447 omitti
2726 1399 2935 1469 posse

590 1531 895 1601 usquam
942 1512 1259 1601 repperi,
1308 1532 1543 1600 neque
1592 1511 1767 1579 mihi
1816 1511 2051 1600 placet
2101 1517 2458 1581 mutatum
2505 1511 2932 1582 vocabulum

591 1652 647 1720 ἐς
715 1648 790 1714 in
858 1650 964 1732 ἄν,
1044 1647 1212 1735 quia
1281 1646 1415 1713 hac
1489 1645 2012 1733 praepositione
2081 1647 2436 1714 sententia
2507 1647 2622 1714 vix
2693 1666 2934 1715 carere

588 1786 847 1870 potest.
921 1781 1109 1870 Ergo
1171 1786 1280 1847 est
1343 1777 1529 1867 quod
1592 1778 2152 1866 reprehendam,
2217 1781 2366 1848 sive
2429 1780 2693 1869 legitur
2753 1784 2929 1866 τούτῳ

587 1920 689 2001 μὲν
758 1916 906 1978 εἶπον
972 1919 1028 1987 ἐς
1095 1920 1256 1986 κυνὸς
1325 1919 1514 2001 πυγήν
1566 1915 1706 2001 ὁρᾶν
1726 1962 1743 1993 ,
1799 1911 1990 2001 quod
2039 1932 2196 1980 mea
2243 1913 2533 2002 quidem
2580 1914 2935 1989 sententia

591 2068 735 2115 non
797 2046 978 2115 bene
1039 2044 1507 2135 responderet
1571 2046 2115 2135 interrogationi
2176 2045 2496 2116 mulieris
2543 2047 2605 2115 A
2652 2067 2753 2115 vs.
2800 2047 2936 2115 254

677 2188 731 2245 τί
796 2176 863 2244 δέ
939 2180 1125 2269 (scil.
1197 2181 1519 2269 ἀντερεῖς),
1590 2180 1739 2247 sive
1808 2184 1986 2266 τούτῳ
2052 2185 2155 2266 μὲν
2217 2185 2413 2267 εἴποιμ’
2458 2186 2515 2256 ἐς
2559 2181 2689 2246 κτλ.
2739 2180 2931 2270 quod

589 2315 706 2383 hic
768 2314 1128 2403 optativus
1192 2314 1541 2402 particula
1602 2316 1674 2376 ἄν
1736 2314 2093 2404 indigeret
2111 2368 2127 2399 ‚
2192 2335 2319 2384 seu
2365 2320 2544 2402 τούτῳ
2589 2322 2691 2401 μὲν
2736 2320 2932 2418 εἴποιμ’

589 2449 661 2510 ἂν
706 2453 872 2522 κυνὸς
916 2446 1043 2512 κτλ.
1104 2447 1297 2537 quod
1346 2450 1750 2516 necessaria
1799 2449 2230 2538 praepositio
2275 2455 2329 2523 ἐς
2376 2450 2638 2518 omissa
2685 2450 2886 2519 foret.

679 2580 775 2649 2⁰.
867 2580 1030 2650 Aor.
1091 2588 1233 2670 opt.
1299 2602 1463 2650 cum
1524 2584 1597 2644 ἄν
1662 2582 2254 2669 significationem
2303 2584 2526 2652 futuri
2565 2583 2932 2652 indicativi

588 2716 807 2784 habet
854 2716 929 2783 in
981 2716 1392 2802 sententiiS‚
1441 2714 1531 2783 ad
1580 2735 1762 2803 quas
1809 2715 2327 2784 construendas
2354 2716 2776 2806 plerumque
2801 2717 2929 2784 fut.

587 2850 734 2918 ind.
784 2849 1162 2919 adhibetur
1183 2903 1200 2935 ‚
1249 2848 1479 2917 velut:

676 2982 753 3072 a)
847 2984 929 3052 In
998 2982 1677 3072 interrogationibus
1697 3036 1714 3068 ‚
1786 3002 1968 3071 quae
2037 2982 2193 3051 loco
2255 2983 2658 3071 imperativi
2727 2983 2925 3052 adhi-

588 3118 870 3187 bentur.
919 3118 1129 3208 Vesp.
1180 3138 1280 3186 vs.
1328 3116 1504 3187 484:

867 3314 959 3406 ἄρ’
1004 3318 1075 3378 ἅν
1092 3364 1108 3396 ,
1155 3313 1201 3378 ὦ
1244 3320 1383 3405 πρὸς
1430 3323 1540 3378 τῶν
1584 3315 1718 3377 Θεῶν
1736 3363 1754 3394 ‚
1802 3320 1957 3399 ὑμεῖς
2001 3312 2430 3400 ἀπαλλαχθεῖτέ
2474 3335 2619 3400 μου;

587 3521 712 3590 ubi
774 3519 1118 3589 vocabula
1185 3518 1231 3582 ὦ
1296 3524 1434 3610 πρὸς
1496 3528 1607 3583 τῶν
1653 3519 1798 3583 θεῶν
1844 3518 2165 3586 indicant
2210 3519 2329 3587 hic
2376 3537 2520 3585 aor.
2569 3524 2712 3605 opt.
2764 3537 2927 3586 cum

588 3657 660 3717 ἅν
728 3654 1053 3723 adhiberi
1119 3651 1276 3720 loco
1345 3652 1771 3742 imperativi,
1846 3652 1947 3721 De
2008 3652 2472 3721 collocatione
2535 3651 2930 3740 particulae

589 3792 660 3852 ἅν
707 3788 848 3857 vid.
902 3786 1069 3876 Cap.
1117 3785 1211 3853 IV
1259 3789 1299 3868 ξ
1348 3785 1410 3853 1.

675 3922 740 4010 b)
833 3921 944 3990 Ad
1005 3919 1384 3989 formulam
1430 3921 1545 3984 ἔσθ’
1593 3921 1743 3994 ὅπως
1762 3974 1779 4006 ‚
1829 3939 2010 4009 quae
2057 3918 2316 4009 legitur
2363 3918 2545 3987 Nub.
2593 3889 2694 3985 vs.
2742 3915 2914 3984 1181

590 4055 702 4123 vel
747 4057 896 4119 ἔστιν
942 4058 1094 4131 ὅπως
1137 4055 1267 4123 Av.
1316 4075 1416 4123 vs,
1466 4054 1598 4123 628
1645 4053 2013 4123 videamus
2061 4053 2271 4143 Vesp.
2324 4073 2424 4120 vs,
2473 4050 2641 4119 471:

997 4252 1110 4315 ἔσθ’
1154 4254 1306 4326 ὅπως
1349 4254 1483 4315 ἄνευ
1528 4258 1729 4338 μάχης
1777 4255 1875 4315 καὶ
1920 4261 2021 4325 τῆς
2067 4248 2358 4325 κατοξείας
2403 4246 2543 4332 βοῆς

997 4391 1054 4460 ἐς
1097 4384 1296 4476 λόγους
1343 4384 1588 4472 ἔλθοιμεν
1634 4383 1935 4454 ἀλλήλοισι
1980 4393 2079 4448 καὶ
2124 4379 2483 4471 ὃιαλλαγοὲς;

617 4593 639 4618 ’
681 4593 823 4661 Aut
918 4612 1044 4679 pro
1135 4592 1448 4679 optativo
1526 4587 1787 4676 ἔλθοιμεν
1851 4553 2353 4657 ὀοῐιίυῐιοῐίνυε
2422 4582 2927 4652 deliberativus
