<?xml version="1.0" encoding="UTF-8"?>
<!DOCTYPE html PUBLIC "-//W3C//DTD XHTML 1.0 Transitional//EN"
    "http://www.w3.org/TR/xhtml1/DTD/xhtml1-transitional.dtd">
<html xmlns="http://www.w3.org/1999/xhtml" xml:lang="en" lang="en">
 <head>
  <title>
</title>
<meta http-equiv="Content-Type" content="text/html;charset=utf-8" />
  <meta name='ocr-system' content='tesseract 3.04.00' />
  <meta name='ocr-capabilities' content='ocr_page ocr_carea ocr_par ocr_line ocrx_word'/>
</head>
<body>
  <div class='ocr_page' id='page_1' title='image "./deusuparticulae00unkngoog_0015.png"; bbox 0 0 3484 5609; ppageno 0'>
   <div class='ocr_carea' id='block_1_1' title="bbox 1143 972 2180 1055">
    <p class='ocr_par' dir='ltr' id='par_1_1' title="bbox 1143 972 2180 1055">
     <span class='ocr_line' id='line_1_1' title="bbox 1143 972 2180 1055; baseline 0.002 -15"><span class='ocrx_word' id='word_1_1' title='bbox 1143 979 1184 1055; x_wconf 64' lang='grc' dir='ltr'>ἓ</span> <span class='ocrx_word' id='word_1_2' title='bbox 1231 972 1294 1040; x_wconf 80' lang='lat'>2.</span> <span class='ocrx_word' id='word_1_3' title='bbox 1387 974 1482 1042; x_wconf 82' lang='lat' dir='ltr'>De</span> <span class='ocrx_word' id='word_1_4' title='bbox 1526 974 1779 1041; x_wconf 75' lang='lat' dir='ltr'>Futuro</span> <span class='ocrx_word' id='word_1_5' title='bbox 1827 975 2180 1042; x_wconf 79' lang='lat' dir='ltr'><em>indicativi.</em></span> 
     </span>
    </p>
   </div>
   <div class='ocr_carea' id='block_1_2' title="bbox 494 1230 2837 1988">
    <p class='ocr_par' dir='ltr' id='par_1_2' title="bbox 494 1230 2837 1988">
     <span class='ocr_line' id='line_1_2' title="bbox 561 1230 2833 1321; baseline 0 -22"><span class='ocrx_word' id='word_1_6' title='bbox 561 1231 823 1320; x_wconf 84' lang='lat' dir='ltr'>Vulg0‚</span> <span class='ocrx_word' id='word_1_7' title='bbox 851 1230 1145 1318; x_wconf 90' lang='lat' dir='ltr'>inquam</span> <span class='ocrx_word' id='word_1_8' title='bbox 1162 1285 1178 1317; x_wconf 90' lang='lat'>,</span> <span class='ocrx_word' id='word_1_9' title='bbox 1206 1231 1332 1299; x_wconf 86' lang='lat' dir='ltr'>fut.</span> <span class='ocrx_word' id='word_1_10' title='bbox 1357 1230 1500 1298; x_wconf 90' lang='lat' dir='ltr'>ind.</span> <span class='ocrx_word' id='word_1_11' title='bbox 1530 1250 1745 1299; x_wconf 90' lang='lat' dir='ltr'>unam</span> <span class='ocrx_word' id='word_1_12' title='bbox 1772 1230 2213 1320; x_wconf 80' lang='lat' dir='ltr'>eandemque</span> <span class='ocrx_word' id='word_1_13' title='bbox 2240 1232 2833 1321; x_wconf 83' lang='lat' dir='ltr'>significationem</span> 
     </span>
     <span class='ocr_line' id='line_1_3' title="bbox 494 1362 2835 1455; baseline 0.001 -25"><span class='ocrx_word' id='word_1_14' title='bbox 494 1362 741 1450; x_wconf 84' lang='lat' dir='ltr'>habet,</span> <span class='ocrx_word' id='word_1_15' title='bbox 807 1383 949 1431; x_wconf 92' lang='lat' dir='ltr'>non</span> <span class='ocrx_word' id='word_1_16' title='bbox 1008 1384 1288 1452; x_wconf 85' lang='lat' dir='ltr'>semper</span> <span class='ocrx_word' id='word_1_17' title='bbox 1359 1371 1594 1431; x_wconf 89' lang='lat' dir='ltr'>tamen</span> <span class='ocrx_word' id='word_1_18' title='bbox 1645 1366 1779 1432; x_wconf 88' lang='lat' dir='ltr'>hoc</span> <span class='ocrx_word' id='word_1_19' title='bbox 1828 1385 1964 1432; x_wconf 84' lang='lat' dir='ltr'>usu</span> <span class='ocrx_word' id='word_1_20' title='bbox 2014 1366 2225 1432; x_wconf 90' lang='lat' dir='ltr'>venit.</span> <span class='ocrx_word' id='word_1_21' title='bbox 2305 1365 2835 1455; x_wconf 85' lang='lat' dir='ltr'><strong>Nonnunquam</strong></span> 
     </span>
     <span class='ocr_line' id='line_1_4' title="bbox 494 1495 2835 1587; baseline 0.003 -24"><span class='ocrx_word' id='word_1_22' title='bbox 494 1497 683 1564; x_wconf 90' lang='lat' dir='ltr'>enim</span> <span class='ocrx_word' id='word_1_23' title='bbox 755 1498 968 1564; x_wconf 89' lang='lat' dir='ltr'>etiam</span> <span class='ocrx_word' id='word_1_24' title='bbox 1018 1495 1257 1566; x_wconf 87' lang='lat' dir='ltr'>futuro</span> <span class='ocrx_word' id='word_1_25' title='bbox 1304 1496 1446 1565; x_wconf 93' lang='lat' dir='ltr'>ind.</span> <span class='ocrx_word' id='word_1_26' title='bbox 1498 1497 1921 1586; x_wconf 83' lang='lat' dir='ltr'>significatio</span> <span class='ocrx_word' id='word_1_27' title='bbox 1971 1498 2315 1587; x_wconf 84' lang='lat' dir='ltr'>quaedam</span> <span class='ocrx_word' id='word_1_28' title='bbox 2367 1498 2835 1569; x_wconf 85' lang='lat' dir='ltr'>dubitationis</span> 
     </span>
     <span class='ocr_line' id='line_1_5' title="bbox 494 1628 2834 1722; baseline 0.001 -24"><span class='ocrx_word' id='word_1_29' title='bbox 494 1628 928 1698; x_wconf 83' lang='lat' dir='ltr'>attribuitur.</span> <span class='ocrx_word' id='word_1_30' title='bbox 1002 1630 1078 1697; x_wconf 90' lang='lat' dir='ltr'>E.</span> <span class='ocrx_word' id='word_1_31' title='bbox 1128 1651 1190 1719; x_wconf 82' lang='lat' dir='ltr'>g.</span> <span class='ocrx_word' id='word_1_32' title='bbox 1254 1630 1613 1720; x_wconf 78' lang='lat' dir='ltr'>Ari&#39;stoph.</span> <span class='ocrx_word' id='word_1_33' title='bbox 1679 1630 1866 1700; x_wconf 90' lang='lat' dir='ltr'>Nub.</span> <span class='ocrx_word' id='word_1_34' title='bbox 1934 1652 2033 1699; x_wconf 86' lang='lat' dir='ltr'>vs.</span> <span class='ocrx_word' id='word_1_35' title='bbox 2122 1631 2295 1700; x_wconf 82' lang='lat'>1416</span> <span class='ocrx_word' id='word_1_36' title='bbox 2339 1631 2834 1722; x_wconf 83' lang='lat' dir='ltr'>Phidippides‚</span> 
     </span>
     <span class='ocr_line' id='line_1_6' title="bbox 494 1763 2837 1854; baseline 0.002 -25"><span class='ocrx_word' id='word_1_37' title='bbox 494 1763 616 1850; x_wconf 85' lang='lat' dir='ltr'>qui</span> <span class='ocrx_word' id='word_1_38' title='bbox 663 1769 937 1850; x_wconf 88' lang='lat' dir='ltr'>patrem</span> <span class='ocrx_word' id='word_1_39' title='bbox 984 1764 1140 1832; x_wconf 88' lang='lat' dir='ltr'>iure</span> <span class='ocrx_word' id='word_1_40' title='bbox 1188 1784 1352 1833; x_wconf 85' lang='lat' dir='ltr'>ase</span> <span class='ocrx_word' id='word_1_41' title='bbox 1396 1764 1612 1853; x_wconf 82' lang='lat' dir='ltr'>plecti</span> <span class='ocrx_word' id='word_1_42' title='bbox 1661 1764 1814 1833; x_wconf 91' lang='lat' dir='ltr'>vult</span> <span class='ocrx_word' id='word_1_43' title='bbox 1864 1764 2203 1852; x_wconf 81' lang='lat' dir='ltr'>probare,</span> <span class='ocrx_word' id='word_1_44' title='bbox 2254 1765 2364 1850; x_wconf 88' lang='lat' dir='ltr'>id,</span> <span class='ocrx_word' id='word_1_45' title='bbox 2418 1765 2607 1854; x_wconf 90' lang='lat' dir='ltr'>quod</span> <span class='ocrx_word' id='word_1_46' title='bbox 2633 1772 2837 1853; x_wconf 86' lang='lat' dir='ltr'>putat</span> 
     </span>
     <span class='ocr_line' id='line_1_7' title="bbox 497 1896 2571 1988; baseline 0.003 -27"><span class='ocrx_word' id='word_1_47' title='bbox 497 1901 768 1982; x_wconf 86' lang='lat' dir='ltr'>patrem</span> <span class='ocrx_word' id='word_1_48' title='bbox 816 1897 956 1984; x_wconf 87' lang='lat' dir='ltr'>ipsi</span> <span class='ocrx_word' id='word_1_49' title='bbox 1003 1896 1450 1967; x_wconf 88' lang='lat' dir='ltr'>obiecturum</span> <span class='ocrx_word' id='word_1_50' title='bbox 1497 1919 1653 1967; x_wconf 85' lang='lat' dir='ltr'>esse</span> <span class='ocrx_word' id='word_1_51' title='bbox 1702 1900 2089 1988; x_wconf 87' lang='lat' dir='ltr'>praevertit</span> <span class='ocrx_word' id='word_1_52' title='bbox 2138 1899 2250 1966; x_wconf 85' lang='lat' dir='ltr'>his</span> <span class='ocrx_word' id='word_1_53' title='bbox 2303 1898 2571 1967; x_wconf 85' lang='lat' dir='ltr'>verbis:</span> 
     </span>
    </p>
   </div>
   <div class='ocr_carea' id='block_1_3' title="bbox 854 2090 2471 2186">
    <p class='ocr_par' dir='ltr' id='par_1_3' title="bbox 854 2090 2471 2186">
     <span class='ocr_line' id='line_1_8' title="bbox 854 2090 2471 2186; baseline 0.001 -30"><span class='ocrx_word' id='word_1_54' title='bbox 854 2098 1048 2182; x_wconf 80' lang='grc' dir='ltr'>φήσεις</span> <span class='ocrx_word' id='word_1_55' title='bbox 1092 2096 1409 2182; x_wconf 83' lang='grc' dir='ltr'>νομίζεσθαι</span> <span class='ocrx_word' id='word_1_56' title='bbox 1454 2099 1528 2158; x_wconf 82' lang='grc' dir='ltr'>σὺ</span> <span class='ocrx_word' id='word_1_57' title='bbox 1574 2090 1776 2170; x_wconf 80' lang='grc' dir='ltr'>παιδὸς</span> <span class='ocrx_word' id='word_1_58' title='bbox 1821 2103 1983 2160; x_wconf 78' lang='grc' dir='ltr'><strong>τοῦτο</strong></span> <span class='ocrx_word' id='word_1_59' title='bbox 2031 2093 2268 2186; x_wconf 80' lang='grc' dir='ltr'><em>τοῦργον</em></span> <span class='ocrx_word' id='word_1_60' title='bbox 2315 2097 2471 2160; x_wconf 82' lang='grc' dir='ltr'>εἶναι·</span> 
     </span>
    </p>
   </div>
   <div class='ocr_carea' id='block_1_4' title="bbox 491 2255 2836 2781">
    <p class='ocr_par' dir='ltr' id='par_1_4' title="bbox 491 2255 2836 2781">
     <span class='ocr_line' id='line_1_9' title="bbox 493 2255 2836 2390; baseline 0.002 -36"><span class='ocrx_word' id='word_1_61' title='bbox 493 2289 659 2355; x_wconf 76' lang='lat' dir='ltr'>dices</span> <span class='ocrx_word' id='word_1_62' title='bbox 747 2290 1083 2376; x_wconf 74' lang='lat' dir='ltr'>(sortasse)</span> <span class='ocrx_word' id='word_1_63' title='bbox 1147 2292 1342 2378; x_wconf 80' lang='lat' dir='ltr'>pueri</span> <span class='ocrx_word' id='word_1_64' title='bbox 1424 2291 1537 2358; x_wconf 78' lang='lat' dir='ltr'>hoc</span> <span class='ocrx_word' id='word_1_65' title='bbox 1604 2313 1740 2360; x_wconf 76' lang='lat' dir='ltr'>esse</span> <span class='ocrx_word' id='word_1_66' title='bbox 1809 2294 2026 2390; x_wconf 79' lang='lat' dir='ltr'>solere.</span> <span class='ocrx_word' id='word_1_67' title='bbox 2121 2255 2398 2361; x_wconf 26' lang='lat' dir='ltr'>‘Futuro</span> <span class='ocrx_word' id='word_1_68' title='bbox 2472 2291 2836 2360; x_wconf 86' lang='lat' dir='ltr'>indicativi</span> 
     </span>
     <span class='ocr_line' id='line_1_10' title="bbox 491 2422 2836 2514; baseline 0.002 -25"><span class='ocrx_word' id='word_1_69' title='bbox 491 2422 949 2511; x_wconf 88' lang='lat' dir='ltr'>Phidippides</span> <span class='ocrx_word' id='word_1_70' title='bbox 998 2424 1113 2492; x_wconf 92' lang='lat' dir='ltr'>hic</span> <span class='ocrx_word' id='word_1_71' title='bbox 1162 2443 1304 2491; x_wconf 90' lang='lat' dir='ltr'>non</span> <span class='ocrx_word' id='word_1_72' title='bbox 1354 2431 1549 2493; x_wconf 85' lang='lat' dir='ltr'>certo</span> <span class='ocrx_word' id='word_1_73' title='bbox 1597 2426 1946 2513; x_wconf 86' lang='lat' dir='ltr'>affirmat,</span> <span class='ocrx_word' id='word_1_74' title='bbox 1999 2425 2189 2514; x_wconf 85' lang='lat' dir='ltr'>quod</span> <span class='ocrx_word' id='word_1_75' title='bbox 2237 2426 2303 2493; x_wconf 89' lang='lat' dir='ltr'>ei</span> <span class='ocrx_word' id='word_1_76' title='bbox 2347 2427 2495 2498; x_wconf 90' lang='lat' dir='ltr'>fore</span> <span class='ocrx_word' id='word_1_77' title='bbox 2521 2425 2836 2510; x_wconf 85' lang='lat' dir='ltr'>videtur,</span> 
     </span>
     <span class='ocr_line' id='line_1_11' title="bbox 491 2538 2836 2649; baseline 0.001 -25"><span class='ocrx_word' id='word_1_78' title='bbox 491 2558 611 2625; x_wconf 85' lang='lat' dir='ltr'>sed</span> <span class='ocrx_word' id='word_1_79' title='bbox 701 2557 1195 2625; x_wconf 88' lang='lat' dir='ltr'>tantummodo</span> <span class='ocrx_word' id='word_1_80' title='bbox 1260 2538 1466 2645; x_wconf 83' lang='lat' dir='ltr'>dicit,</span> <span class='ocrx_word' id='word_1_81' title='bbox 1557 2558 1750 2648; x_wconf 89' lang='lat' dir='ltr'>quod</span> <span class='ocrx_word' id='word_1_82' title='bbox 1817 2559 1968 2627; x_wconf 88' lang='lat' dir='ltr'>fieri</span> <span class='ocrx_word' id='word_1_83' title='bbox 2033 2579 2240 2647; x_wconf 83' lang='lat' dir='ltr'>posse</span> <span class='ocrx_word' id='word_1_84' title='bbox 2309 2566 2549 2648; x_wconf 83' lang='lat' dir='ltr'>putat,</span> <span class='ocrx_word' id='word_1_85' title='bbox 2622 2579 2836 2649; x_wconf 89' lang='lat' dir='ltr'>quam</span> 
     </span>
     <span class='ocr_line' id='line_1_12' title="bbox 494 2691 1883 2781; baseline 0.001 -23"><span class='ocrx_word' id='word_1_86' title='bbox 494 2691 582 2758; x_wconf 93' lang='lat' dir='ltr'>ob</span> <span class='ocrx_word' id='word_1_87' title='bbox 631 2711 780 2758; x_wconf 89' lang='lat' dir='ltr'>rem</span> <span class='ocrx_word' id='word_1_88' title='bbox 832 2692 1066 2780; x_wconf 85' lang='lat' dir='ltr'>pergit</span> <span class='ocrx_word' id='word_1_89' title='bbox 1113 2693 1432 2781; x_wconf 85' lang='lat' dir='ltr'>optativo</span> <span class='ocrx_word' id='word_1_90' title='bbox 1476 2692 1883 2781; x_wconf 86' lang='lat' dir='ltr'>potentiali:</span> 
     </span>
    </p>
   </div>
   <div class='ocr_carea' id='block_1_5' title="bbox 790 2883 2531 2980">
    <p class='ocr_par' dir='ltr' id='par_1_5' title="bbox 790 2883 2531 2980">
     <span class='ocr_line' id='line_1_13' title="bbox 790 2883 2531 2980; baseline 0.002 -31"><span class='ocrx_word' id='word_1_91' title='bbox 790 2891 901 2975; x_wconf 73' lang='grc' dir='ltr'>ἐγὼ</span> <span class='ocrx_word' id='word_1_92' title='bbox 958 2883 1022 2950; x_wconf 80' lang='grc' dir='ltr'>δέ</span> <span class='ocrx_word' id='word_1_93' title='bbox 1067 2893 1119 2977; x_wconf 86' lang='lat' dir='ltr'>y’</span> <span class='ocrx_word' id='word_1_94' title='bbox 1166 2893 1468 2976; x_wconf 70' lang='grc' dir='ltr'>ἀντείποιμ’</span> <span class='ocrx_word' id='word_1_95' title='bbox 1517 2891 1624 2970; x_wconf 78' lang='grc' dir='ltr'>ἄν,</span> <span class='ocrx_word' id='word_1_96' title='bbox 1672 2893 1747 2964; x_wconf 84' lang='grc' dir='ltr'>ὡς</span> <span class='ocrx_word' id='word_1_97' title='bbox 1793 2886 1878 2963; x_wconf 80' lang='grc' dir='ltr'>δὶς</span> <span class='ocrx_word' id='word_1_98' title='bbox 1925 2885 2123 2964; x_wconf 80' lang='grc' dir='ltr'>παῖδες</span> <span class='ocrx_word' id='word_1_99' title='bbox 2168 2896 2212 2953; x_wconf 83' lang='grc' dir='ltr'>οἱ</span> <span class='ocrx_word' id='word_1_100' title='bbox 2258 2895 2531 2980; x_wconf 77' lang='grc' dir='ltr'><strong>γέροντες.</strong></span> 
     </span>
    </p>
   </div>
   <div class='ocr_carea' id='block_1_6' title="bbox 490 3083 2837 4781">
    <p class='ocr_par' dir='ltr' id='par_1_6' title="bbox 493 3083 1206 3173">
     <span class='ocr_line' id='line_1_14' title="bbox 493 3083 1206 3173; baseline -0.001 -22"><span class='ocrx_word' id='word_1_101' title='bbox 493 3083 592 3151; x_wconf 91' lang='lat' dir='ltr'>Cf.</span> <span class='ocrx_word' id='word_1_102' title='bbox 646 3083 811 3173; x_wconf 89' lang='lat' dir='ltr'>Cap.</span> <span class='ocrx_word' id='word_1_103' title='bbox 854 3083 883 3151; x_wconf 94' lang='lat' dir='ltr'>I</span> <span class='ocrx_word' id='word_1_104' title='bbox 925 3083 1004 3150; x_wconf 92' lang='lat' dir='ltr'>A.</span> <span class='ocrx_word' id='word_1_105' title='bbox 1058 3088 1098 3166; x_wconf 63' lang='lat' dir='ltr'>g}</span> <span class='ocrx_word' id='word_1_106' title='bbox 1145 3084 1206 3150; x_wconf 83' lang='lat'>4.</span> 
     </span>
    </p>

    <p class='ocr_par' dir='ltr' id='par_1_7' title="bbox 490 3217 2837 4649">
     <span class='ocr_line' id='line_1_15' title="bbox 578 3217 2837 3308; baseline 0.001 -23"><span class='ocrx_word' id='word_1_107' title='bbox 578 3217 916 3294; x_wconf 76' lang='lat' dir='ltr'>Quamvis</span> <span class='ocrx_word' id='word_1_108' title='bbox 964 3237 1123 3285; x_wconf 89' lang='lat' dir='ltr'>rara</span> <span class='ocrx_word' id='word_1_109' title='bbox 1170 3217 1264 3285; x_wconf 88' lang='lat' dir='ltr'>sit</span> <span class='ocrx_word' id='word_1_110' title='bbox 1309 3218 1483 3287; x_wconf 88' lang='lat' dir='ltr'>haec</span> <span class='ocrx_word' id='word_1_111' title='bbox 1526 3218 1951 3308; x_wconf 85' lang='lat' dir='ltr'>significatio</span> <span class='ocrx_word' id='word_1_112' title='bbox 1991 3219 2215 3288; x_wconf 88' lang='lat' dir='ltr'>futuri</span> <span class='ocrx_word' id='word_1_113' title='bbox 2239 3219 2651 3301; x_wconf 85' lang='lat' dir='ltr'>indicativi,</span> <span class='ocrx_word' id='word_1_114' title='bbox 2699 3221 2837 3288; x_wconf 86' lang='lat' dir='ltr'>nisi</span> 
     </span>
     <span class='ocr_line' id='line_1_16' title="bbox 491 3351 2836 3451; baseline 0.001 -33"><span class='ocrx_word' id='word_1_115' title='bbox 491 3351 894 3451; x_wconf 89' lang='lat' dir='ltr'>conditione</span> <span class='ocrx_word' id='word_1_116' title='bbox 965 3351 1240 3432; x_wconf 82' lang='lat' dir='ltr'>addita,</span> <span class='ocrx_word' id='word_1_117' title='bbox 1316 3353 1501 3420; x_wconf 84' lang='lat' dir='ltr'>sicut</span> <span class='ocrx_word' id='word_1_118' title='bbox 1572 3353 1763 3422; x_wconf 89' lang='lat' dir='ltr'>Eccl.</span> <span class='ocrx_word' id='word_1_119' title='bbox 1836 3374 1933 3421; x_wconf 78' lang='lat' dir='ltr'>vs,</span> <span class='ocrx_word' id='word_1_120' title='bbox 1994 3352 2127 3421; x_wconf 80' lang='lat'>247</span> <span class='ocrx_word' id='word_1_121' title='bbox 2176 3375 2411 3443; x_wconf 87' lang='lat' dir='ltr'>seqq.,</span> <span class='ocrx_word' id='word_1_122' title='bbox 2487 3361 2723 3422; x_wconf 90' lang='lat' dir='ltr'>tamen</span> <span class='ocrx_word' id='word_1_123' title='bbox 2773 3354 2836 3422; x_wconf 92' lang='lat' dir='ltr'>ei</span> 
     </span>
     <span class='ocr_line' id='line_1_17' title="bbox 490 3487 2834 3577; baseline 0 -23"><span class='ocrx_word' id='word_1_124' title='bbox 490 3487 854 3576; x_wconf 86' lang='lat' dir='ltr'>congruit,</span> <span class='ocrx_word' id='word_1_125' title='bbox 924 3488 1114 3576; x_wconf 86' lang='lat' dir='ltr'>quod</span> <span class='ocrx_word' id='word_1_126' title='bbox 1186 3487 1639 3556; x_wconf 83' lang='lat' dir='ltr'>Hermannus</span> <span class='ocrx_word' id='word_1_127' title='bbox 1711 3488 1785 3575; x_wconf 88' lang='lat' dir='ltr'>(l.</span> <span class='ocrx_word' id='word_1_128' title='bbox 1836 3487 1879 3555; x_wconf 94' lang='lat' dir='ltr'>l.</span> <span class='ocrx_word' id='word_1_129' title='bbox 1950 3488 2101 3557; x_wconf 88' lang='lat' dir='ltr'>Lib.</span> <span class='ocrx_word' id='word_1_130' title='bbox 2171 3489 2233 3556; x_wconf 94' lang='lat' dir='ltr'>II</span> <span class='ocrx_word' id='word_1_131' title='bbox 2284 3487 2449 3577; x_wconf 91' lang='lat' dir='ltr'>Cap.</span> <span class='ocrx_word' id='word_1_132' title='bbox 2498 3488 2575 3576; x_wconf 78' lang='lat'>2)</span> <span class='ocrx_word' id='word_1_133' title='bbox 2628 3487 2834 3557; x_wconf 84' lang='lat' dir='ltr'>dicit:</span> 
     </span>
     <span class='ocr_line' id='line_1_18' title="bbox 494 3621 2836 3710; baseline 0.002 -25"><span class='ocrx_word' id='word_1_134' title='bbox 494 3621 609 3687; x_wconf 85' lang='lat' dir='ltr'>»Id</span> <span class='ocrx_word' id='word_1_135' title='bbox 694 3628 976 3710; x_wconf 86' lang='lat' dir='ltr'>tempus</span> <span class='ocrx_word' id='word_1_136' title='bbox 1067 3628 1343 3690; x_wconf 78' lang='lat' dir='ltr'>ortum.</span> <span class='ocrx_word' id='word_1_137' title='bbox 1391 3641 1546 3689; x_wconf 89' lang='lat' dir='ltr'>esse</span> <span class='ocrx_word' id='word_1_138' title='bbox 1637 3643 1721 3689; x_wconf 84' lang='lat' dir='ltr'>ex</span> <span class='ocrx_word' id='word_1_139' title='bbox 1811 3623 2075 3691; x_wconf 86' lang='lat' dir='ltr'>aoristo</span> <span class='ocrx_word' id='word_1_140' title='bbox 2159 3622 2596 3692; x_wconf 88' lang='lat' dir='ltr'>coniunctivi</span> <span class='ocrx_word' id='word_1_141' title='bbox 2657 3629 2728 3691; x_wconf 88' lang='lat' dir='ltr'>et</span> <span class='ocrx_word' id='word_1_142' title='bbox 2798 3643 2836 3690; x_wconf 95' lang='lat' dir='ltr'>e</span> 
     </span>
     <span class='ocr_line' id='line_1_19' title="bbox 490 3754 2837 3843; baseline 0.001 -22"><span class='ocrx_word' id='word_1_143' title='bbox 490 3754 974 3843; x_wconf 78' lang='lat' dir='ltr'>praedictione</span> <span class='ocrx_word' id='word_1_144' title='bbox 1045 3776 1208 3824; x_wconf 90' lang='lat' dir='ltr'>cum</span> <span class='ocrx_word' id='word_1_145' title='bbox 1281 3755 1726 3825; x_wconf 87' lang='lat' dir='ltr'>dubitatione</span> <span class='ocrx_word' id='word_1_146' title='bbox 1796 3757 2060 3824; x_wconf 86' lang='lat' dir='ltr'>sensim</span> <span class='ocrx_word' id='word_1_147' title='bbox 2111 3762 2379 3825; x_wconf 90' lang='lat' dir='ltr'>certam</span> <span class='ocrx_word' id='word_1_148' title='bbox 2428 3754 2837 3824; x_wconf 88' lang='lat' dir='ltr'>affirmatio-</span> 
     </span>
     <span class='ocr_line' id='line_1_20' title="bbox 490 3889 2835 3984; baseline 0.001 -28"><span class='ocrx_word' id='word_1_149' title='bbox 490 3909 652 3957; x_wconf 90' lang='lat' dir='ltr'>nem</span> <span class='ocrx_word' id='word_1_150' title='bbox 716 3890 1194 3978; x_wconf 84' lang='lat' dir='ltr'>provenisse.”</span> <span class='ocrx_word' id='word_1_151' title='bbox 1259 3890 1372 3958; x_wconf 91' lang='lat' dir='ltr'>Ad</span> <span class='ocrx_word' id='word_1_152' title='bbox 1430 3890 1622 3984; x_wconf 50' lang='lat' dir='ltr'>¹hanc</span> <span class='ocrx_word' id='word_1_153' title='bbox 1686 3890 2097 3979; x_wconf 89' lang='lat' dir='ltr'>opinionem</span> <span class='ocrx_word' id='word_1_154' title='bbox 2161 3889 2604 3979; x_wconf 89' lang='lat' dir='ltr'>probandam</span> <span class='ocrx_word' id='word_1_155' title='bbox 2659 3910 2835 3959; x_wconf 92' lang='lat' dir='ltr'>non-</span> 
     </span>
     <span class='ocr_line' id='line_1_21' title="bbox 492 4022 2836 4108; baseline 0 -17"><span class='ocrx_word' id='word_1_156' title='bbox 492 4024 725 4093; x_wconf 85' lang='lat' dir='ltr'>nullos</span> <span class='ocrx_word' id='word_1_157' title='bbox 773 4024 968 4092; x_wconf 87' lang='lat' dir='ltr'>locos</span> <span class='ocrx_word' id='word_1_158' title='bbox 1014 4030 1361 4092; x_wconf 88' lang='lat' dir='ltr'>memorat</span> <span class='ocrx_word' id='word_1_159' title='bbox 1409 4045 1446 4092; x_wconf 94' lang='lat' dir='ltr'>e</span> <span class='ocrx_word' id='word_1_160' title='bbox 1498 4023 1802 4093; x_wconf 89' lang='lat' dir='ltr'>dialecto</span> <span class='ocrx_word' id='word_1_161' title='bbox 1853 4022 2648 4108; x_wconf 75' lang='lat' dir='ltr'>Homerica.collect08‚</span> <span class='ocrx_word' id='word_1_162' title='bbox 2716 4023 2836 4092; x_wconf 93' lang='lat' dir='ltr'>ubi</span> 
     </span>
     <span class='ocr_line' id='line_1_22' title="bbox 491 4157 2837 4240; baseline 0 -14"><span class='ocrx_word' id='word_1_163' title='bbox 491 4178 632 4227; x_wconf 89' lang='lat' dir='ltr'>aor.</span> <span class='ocrx_word' id='word_1_164' title='bbox 707 4159 886 4226; x_wconf 89' lang='lat' dir='ltr'>coni.</span> <span class='ocrx_word' id='word_1_165' title='bbox 958 4157 1113 4227; x_wconf 91' lang='lat' dir='ltr'>loco</span> <span class='ocrx_word' id='word_1_166' title='bbox 1184 4158 1406 4228; x_wconf 86' lang='lat' dir='ltr'>futuri</span> <span class='ocrx_word' id='word_1_167' title='bbox 1473 4159 1619 4227; x_wconf 91' lang='lat' dir='ltr'>ind.</span> <span class='ocrx_word' id='word_1_168' title='bbox 1694 4158 2092 4228; x_wconf 90' lang='lat' dir='ltr'>adhibetur.</span> <span class='ocrx_word' id='word_1_169' title='bbox 2162 4158 2261 4227; x_wconf 82' lang='lat' dir='ltr'>Cf.</span> <span class='ocrx_word' id='word_1_170' title='bbox 2327 4158 2837 4240; x_wconf 85' lang='lat' dir='ltr'>Buttmannus,</span> 
     </span>
     <span class='ocr_line' id='line_1_23' title="bbox 492 4292 2837 4381; baseline 0 -19"><span class='ocrx_word' id='word_1_171' title='bbox 492 4292 764 4362; x_wconf 88' lang='lat' dir='ltr'>Graeca</span> <span class='ocrx_word' id='word_1_172' title='bbox 839 4292 1160 4381; x_wconf 80' lang='lat' dir='ltr'>syntaxis</span> <span class='ocrx_word' id='word_1_173' title='bbox 1233 4292 1270 4381; x_wconf 63' lang='grc' dir='ltr'><strong>ξ</strong></span> <span class='ocrx_word' id='word_1_174' title='bbox 1338 4293 1472 4361; x_wconf 84' lang='grc'>139</span> <span class='ocrx_word' id='word_1_175' title='bbox 1541 4292 1602 4360; x_wconf 91' lang='grc' dir='ltr'><strong>Α</strong></span> <span class='ocrx_word' id='word_1_176' title='bbox 1675 4294 1719 4361; x_wconf 89' lang='grc'>8</span> <span class='ocrx_word' id='word_1_177' title='bbox 1789 4299 1860 4361; x_wconf 94' lang='lat' dir='ltr'>et</span> <span class='ocrx_word' id='word_1_178' title='bbox 1931 4293 2069 4361; x_wconf 88' lang='lat' dir='ltr'>loci</span> <span class='ocrx_word' id='word_1_179' title='bbox 2132 4312 2216 4360; x_wconf 88' lang='lat' dir='ltr'>ex</span> <span class='ocrx_word' id='word_1_180' title='bbox 2262 4293 2569 4361; x_wconf 89' lang='lat' dir='ltr'>Homero</span> <span class='ocrx_word' id='word_1_181' title='bbox 2617 4294 2705 4361; x_wconf 92' lang='lat' dir='ltr'>ab</span> <span class='ocrx_word' id='word_1_182' title='bbox 2756 4314 2837 4362; x_wconf 93' lang='lat' dir='ltr'>eo</span> 
     </span>
     <span class='ocr_line' id='line_1_24' title="bbox 492 4426 2836 4515; baseline 0 -21"><span class='ocrx_word' id='word_1_183' title='bbox 492 4426 812 4510; x_wconf 82' lang='lat' dir='ltr'>collecti,</span> <span class='ocrx_word' id='word_1_184' title='bbox 884 4426 1007 4494; x_wconf 91' lang='lat' dir='ltr'>ubi</span> <span class='ocrx_word' id='word_1_185' title='bbox 1077 4445 1222 4493; x_wconf 86' lang='lat' dir='ltr'>aor.</span> <span class='ocrx_word' id='word_1_186' title='bbox 1295 4427 1475 4493; x_wconf 87' lang='lat' dir='ltr'>coni.</span> <span class='ocrx_word' id='word_1_187' title='bbox 1547 4433 1876 4515; x_wconf 86' lang='lat' dir='ltr'>correpta</span> <span class='ocrx_word' id='word_1_188' title='bbox 1944 4426 2184 4494; x_wconf 90' lang='lat' dir='ltr'>littera</span> <span class='ocrx_word' id='word_1_189' title='bbox 2250 4426 2475 4495; x_wconf 92' lang='lat' dir='ltr'>vocali</span> <span class='ocrx_word' id='word_1_190' title='bbox 2540 4428 2836 4495; x_wconf 82' lang='lat' dir='ltr'>formam</span> 
     </span>
     <span class='ocr_line' id='line_1_25' title="bbox 491 4545 2007 4649; baseline 0 -23"><span class='ocrx_word' id='word_1_191' title='bbox 491 4559 716 4628; x_wconf 89' lang='lat' dir='ltr'>futuri</span> <span class='ocrx_word' id='word_1_192' title='bbox 760 4545 904 4626; x_wconf 87' lang='lat' dir='ltr'>ind.</span> <span class='ocrx_word' id='word_1_193' title='bbox 955 4565 1026 4628; x_wconf 89' lang='lat' dir='ltr'>et</span> <span class='ocrx_word' id='word_1_194' title='bbox 1074 4559 1471 4648; x_wconf 87' lang='lat' dir='ltr'>praesentis</span> <span class='ocrx_word' id='word_1_195' title='bbox 1517 4559 1662 4628; x_wconf 90' lang='lat' dir='ltr'>ind.</span> <span class='ocrx_word' id='word_1_196' title='bbox 1712 4560 2007 4649; x_wconf 90' lang='lat' dir='ltr'>accepit.</span> 
     </span>
    </p>

    <p class='ocr_par' dir='ltr' id='par_1_8' title="bbox 581 4692 2837 4781">
     <span class='ocr_line' id='line_1_26' title="bbox 581 4692 2837 4781; baseline 0.002 -24"><span class='ocrx_word' id='word_1_197' title='bbox 581 4692 914 4780; x_wconf 83' lang='lat' dir='ltr'>›&gt;ltaque,</span> <span class='ocrx_word' id='word_1_198' title='bbox 979 4693 1215 4781; x_wconf 90' lang='lat' dir='ltr'>inquit</span> <span class='ocrx_word' id='word_1_199' title='bbox 1282 4693 1739 4762; x_wconf 88' lang='lat' dir='ltr'>Hermannus</span> <span class='ocrx_word' id='word_1_200' title='bbox 1788 4692 1831 4760; x_wconf 93' lang='lat' dir='ltr'>l.</span> <span class='ocrx_word' id='word_1_201' title='bbox 1883 4693 1962 4780; x_wconf 90' lang='lat' dir='ltr'>l.,</span> <span class='ocrx_word' id='word_1_202' title='bbox 2014 4694 2465 4762; x_wconf 86' lang='lat' dir='ltr'>coniunctivo</span> <span class='ocrx_word' id='word_1_203' title='bbox 2514 4695 2623 4762; x_wconf 84' lang='lat' dir='ltr'>usi</span> <span class='ocrx_word' id='word_1_204' title='bbox 2670 4700 2837 4761; x_wconf 85' lang='lat' dir='ltr'>sunt</span> 
     </span>
    </p>
   </div>
  </div>
 </body>
</html>
