3484 5609
1757 534 1847 602 18

630 731 896 814 λαὺουσι,
946 732 1113 800 dum
1162 733 1615 821 participium
1663 728 1926 815 σέβοντες
1971 729 2353 799 adhibetur
2387 730 2541 799 loco
2568 731 2964 799 sententiae

500 887 510 893 ·
633 865 937 934 causalis
986 868 1067 930 ὅτι
1110 864 1342 950 ἔσεβον,
1394 867 1562 954 quia
1611 866 2154 934 venerabantur.

722 999 822 1068 Cf.
894 1020 1104 1088 porro
1175 1000 1300 1067 Av.
1374 1020 1477 1067 vs.
1543 999 1710 1083 520,
1777 999 1952 1067 Ran.
2005 1020 2103 1065 vs.
2152 998 2365 1082 1022,
2416 999 2599 1066 Plut.
2642 1019 2740 1066 vs.
2790 997 2968 1065 1179

632 1155 861 1223 seqq„
926 1135 1050 1222 Eq.
1128 1156 1222 1203 vs,
1285 1134 1465 1203 ‘1353
1528 1136 1886 1222 ceterique
1948 1134 2119 1211 loci,
2185 1155 2365 1224 quos
2417 1134 2968 1201 memoravimus

633 1266 902 1350 532.

989 1681 1027 1757 ξ
1072 1676 1134 1744 2.
1228 1674 1668 1744 Praeteritum
1718 1696 1867 1742 eam
1914 1693 1975 1738 ἄν
2020 1655 2098 1742 ὑπ’
2139 1696 2209 1743 re
2254 1697 2383 1743 non
2431 1678 2626 1762 faeta.

826 1935 890 2002 1.
983 1934 1077 2003 De
1116 1936 1462 2024 praeterito
1508 1956 1655 2002 cum
1702 1948 1766 1997 ἄν
1813 1937 1883 2002 in
1929 1957 2001 2005 re
2043 1957 2174 2003 mm
2219 1938 2388 2024 facta
2435 1939 2754 2004 universe.

719 2184 1044 2253 Alterum
1111 2205 1334 2273 genus
1398 2186 1764 2274 praeteriti
1835 2205 1998 2255 cum
2069 2203 2131 2247 ἅν
2201 2193 2346 2269 est,
2397 2185 2519 2253 ubi
2566 2205 2605 2252 e
2675 2161 2968 2254 {locabu-

637 2321 863 2388 lorum
936 2327 1270 2388 contextu
1343 2326 1535 2409 patet
1602 2320 1991 2388 conditioni
2055 2340 2197 2387 non
2250 2303 2419 2388 'esse
2484 2320 2969 2402 satisfactum,

634 2476 866 2544 neque
938 2457 1154 2545 igitur
1225 2455 1488 2523 factum
1562 2475 1717 2522 esse
1781 2462 1903 2521 aut
1953 2454 2104 2521 fieri
2145 2454 2252 2536 id,
2302 2451 2493 2540 quod
2537 2461 2756 2540 praet.
2808 2473 2970 2521 cum

630 2607 694 2652 ἀν
741 2588 1112 2677 significat.
1158 2588 1257 2657 Cf.
1305 2589 1434 2654 Av.
1490 2609 1585 2656 vs,
1634 2587 1807 2655 1221
1864 2607 2075 2676 seqq,
2140 2586 2260 2654 ubi
2313 2586 2759 2654 Pithetaerus
2800 2586 2968 2654 Iridi
3083 2691 3088 2696 Ι

632 2721 803 2788 dicit
850 2742 1006 2789 earn
1054 2722 1497 2789 interfectam
1547 2721 1766 2789 fuisse
1814 2722 1873 2788 si
1921 2722 2184 2788 iustam
2234 2739 2535 2807 poenam
2586 2720 2872 2788 luisset:

1104 2944 1176 3005 ἂν
1206 2997 1217 3011 .
1248 2994 1262 3008 .
1292 2997 1305 3010 .
1354 2945 1630 3017 ἀπέθανες
1650 2997 1666 3027 ,
1715 2952 1759 3006 εἰ
1804 2953 1905 3016 τῆς
1951 2941 2112 3018 ἀξίας
2158 2947 2489 3032 ἐτύγχανες.

720 3194 1077 3262 Particula
1125 3193 1520 3281 negationis
1570 3193 2000 3260 sententiam
2049 3195 2436 3278 convertit,
2484 3195 2584 3261 ita
2632 3200 2747 3279 ut,
2797 3194 2966 3283 quia

633 3330 786 3396 sine
857 3328 990 3396 hac
1057 3326 1403 3416 particula
1468 3334 1686 3414 praet.
1738 3347 1901 3395 cum
1947 3345 2012 3422 ςεεν
2058 3327 2361 3414 indicat,
2411 3326 2583 3415 quid
2632 3347 2771 3394 non
2823 3328 2967 3395 fac-

631 3469 783 3531 tum
851 3463 973 3545 sit,
1045 3462 1175 3528 hac
1245 3460 1594 3549 particula
1663 3460 1905 3528 addita
1976 3461 2277 3542 indicet,
2345 3460 2514 3548 quid
2580 3480 2824 3528 revera
2876 3462 2969 3528 sit

633 3596 920 3664 factum.

723 3730 796 3797 Ε.
849 3751 910 3818 g.
960 3728 1168 3817 Vesp.
1219 3749 1315 3795 vs.
1365 3727 1533 3796 344:

1428 4003 1435 4010 .
1479 3955 1542 4013 οὐ
1587 3958 1703 4039 γάρ
1751 3951 1821 4012 ἂν
1865 3952 1983 4014 ποθ’

1482 4081 1635 4155 οὗτος
1681 4091 1829 4175 ἀνὴρ
1876 4090 2023 4148 τοῦτ’
2070 4083 2276 4171 ἐτόλμη
2334 4123 2419 4132 ——

1481 4240 1578 4280 σεν
1625 4216 1803 4306 λέγειν
1823 4269 1838 4298 ,
1890 4226 1932 4281 εἰ

1481 4358 1564 4438 μή
1611 4347 1937 4438 ξυνωμότης
1983 4376 2063 4426 τις
2107 4352 2195 4421 ἦν.

725 4591 908 4659 »Νοη
975 4592 1079 4658 hie
1140 4594 1241 4659 vir
1309 4615 1514 4673 ausus
1576 4601 1736 4659 esset
1792 4592 1905 4658 hoe
1953 4592 2160 4659 dicere
2177 4647 2194 4678 ‚
2242 4592 2374 4658 nisi
2420 4592 2793 4660 coniuratus
2841 4593 2966 4659 ali-
