3484 5609
1654 599 1744 667 89

617 789 826 879 Vesp.
877 810 978 859 vs.
1023 790 1192 861 298:
1890 799 1990 857 οὐκ
2033 810 2095 857 ἂν

1271 932 1359 1012 μοὶ
1405 923 1539 1008 Δί’,
1587 934 1630 989 εἰ
1675 928 1982 1016 κρέμαισθέ
2026 926 2086 1017 γ’
2134 934 2312 1016 ὑμεῖς.

616 1054 717 1124 Cf.
767 1055 896 1125 Av.
946 1077 1046 1125 vs.
1093 1055 1219 1142 11,
1265 1056 1434 1144 815,
1483 1057 1671 1126 Plut.
1723 1078 1824 1126 vs.
1862 1058 2032 1139 498,
2079 1059 2292 1147 1180,
2340 1061 2515 1129 Ach.
2567 1082 2666 1130 vs.
2713 1061 2867 1130 137.

616 1188 844 1277 Saepe
912 1189 1209 1258 verbum
1280 1189 1370 1257 ad
1439 1189 1868 1279 particulam
1937 1210 2002 1255 ow
2071 1211 2215 1260 non
2280 1214 2319 1260 e
2366 1195 2603 1283 priore
2651 1195 2869 1262 verbo

524 1326 765 1389 mente
834 1322 1340 1410 repetendum,
1416 1322 1541 1391 sed
1599 1343 1639 1391 e
1702 1323 1941 1411 priore
1987 1325 2343 1393 sententia
2391 1324 2869 1415 colligendum

523 1455 654 1522 est‘.
726 1454 804 1521 Ε.
869 1475 931 1544 g.
999 1454 1184 1523 Nub.
1252 1475 1352 1523 vs.
1399 1455 1553 1523 154.
1625 1455 1764 1524 Ubi
1812 1455 2127 1525 Socratis
2176 1456 2573 1547 discipulus
2622 1458 2867 1547 Strep-

524 1586 707 1655 siadi
753 1589 1215 1674 monstravit,
1256 1587 1449 1677 quod
1495 1588 1590 1656 sit
1635 1589 2004 1677 ingenium
2030 1587 2349 1677 Socrati,
2399 1597 2471 1659 et
2499 1591 2613 1658 hic
2641 1591 2865 1659 admi-

521 1726 724 1789 ratus
771 1719 1230 1789 exclamavit:

948 1852 994 1917 ὦ
1037 1852 1154 1916 Ζεῦ
1197 1851 1441 1936 βασιλεῦ
1488 1863 1592 1929 τῆς
1637 1852 1974 1928 λεπτότητος
2021 1864 2135 1918 τῶν
2175 1865 2409 1945 φρενῶν.

523 1985 921 2073 discipulus
961 1991 1170 2073 putat
1217 2005 1380 2054 eum
1442 1986 1659 2054 etiam
1719 1987 1948 2074 magis
1995 1987 2518 2056 admiraturum
2566 2007 2758 2072 esse,
2807 1989 2869 2055 si

523 2116 829 2186 alterum
877 2118 1237 2206 quoddam
1288 2119 1675 2208 cogitatum
1728 2118 2047 2187 Socratis
2094 2119 2480 2206 audiverit,
2528 2139 2743 2208 quam
2779 2121 2868 2189 ob

521 2269 673 2318 rem
719 2249 882 2339 quid
924 2252 1127 2339 ἐρίων
1146 2305 1163 2337 ,
1210 2252 1475 2340 inquit,
1523 2251 1695 2319 dices
1717 2305 1734 2338 ,
1785 2254 1843 2319 si
1888 2253 2170 2320 alterum
2219 2252 2502 2321 Socratis
2525 2255 2869 2341 eoqitalum
2972 2290 2987 2302 ·

520 2384 890 2472 acceperis?

948 2523 999 2582 τί
1043 2511 1177 2585 δῆτ’
1229 2532 1323 2599 ἄν,
1370 2519 1553 2607 ἕτερον
1599 2525 1644 2581 εἰ
1688 2519 1877 2581 πύθοιο
1925 2517 2266 2609 Σωκράτους

943 2652 1300 2739 φρόντισμα,
1349 2649 1394 2716 i.
1439 2669 1499 2717 e.
1547 2656 1598 2713 τί
1644 2644 1776 2719 δῆτ’
1822 2665 1885 2713 ἂν
1930 2653 2142 2739 Myon-33

519 2782 679 2869 Lys.
731 2801 832 2850 νε.
880 2780 1042 2850 399.
1090 2782 1263 2850 Post
1308 2782 1536 2849 rixam
1585 2783 1776 2850 inter
1823 2783 2115 2850 chorum
2166 2803 2417 2852 senum
2460 2793 2531 2854 et
2568 2785 2864 2855 chorum

521 2914 945 2983 feminarum
1026 2913 1382 2985 Probulus
1456 2936 1496 2984 e
1564 2918 1908 2984 concione
1980 2916 2317 3004 prodiens
2388 2920 2717 3007 queritur
2779 2920 2867 2987 de

520 3047 947 3117 feminarum
1014 3047 1306 3118 lascivia
1374 3050 1449 3118 in
1520 3056 1709 3119 tecto
1774 3050 2038 3119 festum
2100 3050 2448 3119 Adonidis
2496 3051 2863 3121 celebran-

521 3181 737 3269 tium,
810 3200 1025 3270 quam
1096 3182 1187 3251 ob
1250 3202 1401 3251 rem
1467 3184 1729 3252 chorus
1802 3203 2055 3254 senum
2116 3186 2279 3274 quid
2325 3186 2551 3274 iyitur,
2599 3187 2864 3275 inquit,

518 3314 689 3382 dices
706 3368 723 3401 ,
793 3316 854 3380 si
910 3314 1156 3382 harum
1218 3335 1470 3405 quoque
1531 3318 1906 3405 superbiam
1951 3315 2311 3406 coqno'veris
2327 3319 2359 3385 P
2406 3323 2465 3384 τί
2504 3313 2633 3388 δῆτ’
2678 3333 2742 3382 ἄν
2759 3369 2775 3402 ,
2825 3328 2867 3382 εἰ

515 3433 707 3511 πύθοὶο
748 3455 849 3510 καὶ
893 3452 1000 3515 τὴν
1043 3442 1216 3512 τῶνδ’
1263 3445 1464 3538 ὑβριν;
1504 3449 1549 3516 i.
1599 3469 1659 3516 e.
1706 3457 1758 3514 τί
1803 3446 1936 3518 δῆτ’
1981 3462 2044 3513 ἂν
2089 3447 2304 3539 λέγοις;

606 3579 768 3677 Lys.
810 3598 910 3647 vs.
949 3578 1085 3647 307
1132 3579 1392 3647 chorus
1439 3599 1692 3648 senum
1741 3581 2106 3669 profectus
2155 3601 2319 3650 cum
2345 3580 2558 3671 lignis
2585 3589 2656 3651 et
2682 3589 2866 3652 testa

518 3711 684 3800 igne
745 3709 1026 3800 expleta
1095 3710 1185 3778 ad
1259 3711 1559 3780 feminas
1626 3714 2182 3803 oppugnandae,
2253 3734 2440 3802 quae
2501 3716 2865 3804 acropolin

518 3849 1083 3931 occupaverunt,
1162 3863 1386 3931 quum
1458 3863 1891 3934 magnopere
1958 3846 2146 3935 ignis
2217 3845 2412 3914 fumo
2481 3849 2714 3915 vexati
2775 3848 2866 3916 ad

518 3981 797 4064 portam
864 3980 1251 4061 venerunt,
1316 3976 1508 4044 inter
1554 3997 1633 4045 se
1681 3984 1973 4067 rogant,
2020 3997 2111 4046 an
2159 3978 2516 4067 expediat,
2568 3979 2629 4047 si
2673 3979 2866 4069 ligna

518 4110 748 4197 primo
796 4107 1194 4196 deponant,
1243 4113 1315 4176 et
1363 4108 1516 4178 face
1563 4129 1867 4179 accensa
1915 4110 2334 4178 adoriantur
2382 4118 2698 4199 portam,
2746 4119 2864 4199 ut,

516 4240 577 4308 si
625 4240 930 4308 feminae
976 4245 1268 4327 rogatae
1316 4260 1463 4308 non
1511 4242 1837 4329 aperiant
1882 4247 2163 4331 portam
2205 4296 2222 4328 ,
2271 4262 2430 4311 eam
2477 4244 2866 4314 incendant

518 4378 588 4440 et
635 4369 970 4440 mulieres
1016 4373 1214 4439 fumo
1260 4378 1539 4441 vexent.

609 4503 815 4567 οὔκουν
859 4524 923 4567 ἄν
941 4558 958 4591 ‚
1008 4512 1053 4569 εἰ
1094 4511 1173 4570 τὼ
1218 4509 1322 4592 μὲν
1368 4501 1522 4580 ξύλω
1566 4508 1837 4593 Θείμεσθα
1883 4516 2106 4598 πρῶτον
2154 4512 2332 4573 αὐτοῦ
2353 4558 2369 4590 ,
2420 4509 2467 4575 i.
2516 4529 2575 4577 e.
2625 4510 2822 4575 οὔκουν

2449 4655 2514 4703 ἂν
2558 4647 2831 4734 συμφέροι
2849 4663 2865 4726 ;

2575 4763 2633 4806 12
