3484 5609
724 792 855 859 Av.
903 812 1002 860 vs,
1052 790 1265 861 1314:

1227 992 1382 1075 ταχὺ
1420 983 1473 1051 δ’
1517 1005 1579 1052 ἂν
1624 987 1953 1081 πολυάνορα
1997 985 2171 1054 τάνδε
2214 987 2373 1053 πόλιν

1225 1119 1388 1186 καλεῖ
1435 1145 1515 1198 τις
1557 1123 1871 1212 ἀνθρώπων
1893 1172 1908 1203 ‚

634 1315 759 1384 ubi
829 1315 1277 1386 Hermannus
1345 1317 1465 1403 (de
1535 1316 1885 1406 particula
1951 1333 2016 1379 ἄν
2061 1335 2216 1407 pag.
2263 1315 2386 1401 34)
2437 1316 2610 1386 dicit
2656 1337 2733 1386 se
2778 1318 2955 1385 nihil

634 1469 928 1538 prorsus
988 1450 1383 1536 invenisse,
1447 1470 1588 1539 quo
1647 1450 1971 1520 futurum
2018 1450 2383 1536 defendat,
2431 1451 2957 1540 praeferatque‚

634 1582 956 1671 quamvis
1017 1602 1407 1671 paucorum
1470 1582 1854 1669 librorum‚·
1910 1584 2307 1673 scripturae
2350 1582 2553 1668 καλοῖ,
2600 1583 2958 1673 plerisque

635 1716 806 1785 viris
870 1716 1097 1785 doctis
1157 1716 1518 1805 probatae.
1586 1716 1917 1786 Ceterum
1979 1717 2240 1785 conicit
2301 1716 2491 1816 idem
2554 1718 2661 1785 vir
2707 1717 2957 1786 doctus

633 1854 790 1936 ταχὺ
849 1867 948 1915 τῶν
1001 1869 1131 1939 pro
1191 1855 1345 1938 ταχὺ
1403 1845 1456 1913 δ’
1502 1867 1602 1936 ἄν,
1644 1849 2037 1940 probatque
2086 1851 2564 1920 coniecturam
2615 1849 2959 1918 Dindorfii

633 1977 808 2047 τάνδε
866 1991 973 2048 τάν
1032 1982 1208 2052 πόλιν.
1290 1982 1597 2052 Cobetus
1660 1989 1900 2053 autem
1964 1984 2211 2054 Scribit
2267 1989 2420 2071 ταχὺ
2491 1979 2569 2052 δὴ
2636 1981 2959 2065 πολυάνορα

634 2126 740 2182 ταν
784 2116 940 2193 πόλιν
959 2151 965 2162 ·
984 2113 1152 2182 καλεῖ
1191 2142 1271 2191 τις
1315 2117 1649 2209 ἀνθρώπων.

723 2251 1008 2341 Reliqui
1053 2257 1222 2321 sunt
1269 2251 1409 2321 duo
1455 2252 1627 2340 loci,
1686 2251 1773 2320 de
1819 2252 2081 2342 quibus
2127 2252 2594 2342 disputemus.

730 2384 916 2453 Nub.
965 2405 1062 2452 vs.
1109 2385 1244 2454 465
1288 2385 1580 2475 legitur:

1351 2581 1471 2673 ἆρά
1513 2604 1580 2672 γε
1625 2581 1790 2656 τοῦτ’,
1823 2598 1886 2643 ἀν
1932 2585 2045 2670 ἐγώ
2090 2582 2218 2645 ποτ’

1346 2716 1588 2804 &tow

651 2924 655 2928 ’
723 2912 955 2980 Etiam
1016 2911 1133 2979 hic
1192 2910 1519 2980 nonnulli
1580 2928 1642 2975 ἄν
1690 2909 2177 2996 sustulerunt,
2239 2917 2834 3000 mutaveruntque
2879 2912 2955 2980 in

635 3046 743 3135 ἄρ’.
817 3045 904 3113 cf.
967 3044 1272 3144 Dindorf
1312 3044 1356 3114 l.
1408 3044 1453 3112 l.
1502 3044 1954 3114 Hermannus
2002 3064 2168 3113 vero
2212 3043 2403 3134 (pag.
2450 3047 2573 3133 33)
2624 3045 2758 3113 hoc
2805 3044 2957 3113 loco

634 3178 1057 3268 particulam
1125 3178 1280 3248 vult
1349 3179 1551 3248 tueri.
1613 3178 1951 3261 Quamvis
2009 3180 2197 3247 enim
2242 3180 2331 3271 ἄρ’
2378 3199 2522 3247 non
2569 3180 2953 3269 improbet,

632 3319 871 3381 tamen
916 3331 1014 3398 av,
1063 3312 1254 3403 quod
1301 3333 1489 3382 unus
1537 3312 1805 3381 alterve
1852 3312 2073 3381 codex
2119 3312 2491 3402 praebeat,
2540 3332 2684 3382 non
2729 3313 2955 3382 seleu-

634 3467 797 3516 cum
840 3467 1001 3516 esse
1047 3453 1292 3536 putat3
1339 3467 1483 3516 non
1533 3447 1722 3516 enim
1772 3447 1859 3516 ad
1907 3447 2037 3516 fut.
2060 3497 2078 3528 ‚
2135 3447 2261 3516 sed
2308 3448 2397 3516 ad
2441 3456 2601 3513 τοῦτο
2647 3449 2957 3518 referen-

635 3581 805 3650 dum
868 3601 1024 3650 esse
1070 3599 1170 3669 ἄν,
1233 3582 1401 3670 quia
1464 3572 1884 3671 explicatius
1940 3581 2077 3650 dici
2125 3582 2385 3669 possit:
2433 3581 2553 3672 ἆρά
2596 3606 2662 3671 γε
2704 3582 2852 3647 τοῦτ’
2897 3597 2961 3645 ἂν

633 3718 719 3786 εἴη
736 3766 752 3797 ,
800 3717 828 3779 ὃ
873 3720 985 3805 ἐγώ
1028 3716 1155 3782 ποτ’
1203 3714 1443 3803 ὅψομαι;
1811 3689 1815 3694 ’
2890 3794 2903 3805 ·

721 3849 971 3919 Restat
1041 3849 1168 3938 Eq.
1239 3869 1339 3918 vs,
1402 3848 1617 3936 1252,
1687 3847 1813 3918 ubi
1861 3846 2078 3916 Cleon
2125 3867 2427 3917 coronae
2473 3847 2802 3917 valedicit
2847 3848 2959 3916 his

635 3982 905 4052 verbis:

1131 4178 1179 4243 ὦ
1223 4182 1464 4270 στέφανε
1481 4232 1499 4266 ,
1546 4185 1765 4270 χαίρων
1811 4180 1954 4244 ἄπιθι
1972 4230 1990 4263 ,
2037 4187 2134 4244 καὶ
2177 4179 2237 4243 σ’
2285 4193 2433 4243 ἄκων
2478 4182 2590 4268 ἐγώ

1135 4311 1331 4380 λείπω.
1379 4336 1446 4377 σε
1491 4308 1550 4376 δ’
1597 4310 1759 4405 ἄλλος,
1801 4335 1882 4387 τις
1925 4310 2125 4397 λαβὼν
2170 4319 2503 4397 κεκτήσεται
2518 4366 2536 4400 ,

1136 4446 1383 4522 κλέπτης
1427 4452 1530 4535 μὲν
1574 4451 1674 4511 οὐκ
1715 4462 1779 4510 ἂν
1821 4444 2040 4533 μᾶλλον
2056 4501 2075 4535 ‚
2122 4452 2375 4533 εὐτυχής
2428 4442 2487 4510 δ’
2531 4449 2688 4522 ἴσως.

718 4659 1074 4729 Particula
1141 4662 1256 4729 hic
1325 4661 1659 4751 explicari
1731 4660 1956 4749 possit
2027 4661 2087 4729 si
2150 4658 2740 4750 subintellegatur
2785 4679 2956 4751 par-
