3484 5609
1585 593 1674 660 19

470 795 616 885 quis
662 793 884 874 esset”‚
934 812 1116 882 quae
1180 790 1618 859 constructio
1664 788 1932 855 indicat
1981 809 2129 855 eum
2181 807 2405 854 revera
2452 785 2566 851 hoc
2595 785 2804 852 dicere

464 949 705 996 ausum
752 947 921 1012 esse,
973 947 1121 993 cum
1168 946 1392 993 revera
1434 925 1810 990 coniuratus
1857 929 2033 988 esset.
2110 935 2122 944 ·

556 1061 748 1129 Idem
838 1059 1020 1127 valet
1093 1060 1166 1125 in
1256 1054 1794 1145 quaestionibus
1865 1054 2126 1142 quibus
2197 1054 2386 1121 inest
2455 1051 2804 1119 sententia

470 1195 814 1283 negativa.

557 1327 740 1395 Eccl.
792 1347 890 1394 vs.
939 1324 1105 1393 140:

929 1550 1029 1611 καὶ
1076 1554 1144 1616 νὴ
1190 1549 1303 1611 Δία
1347 1541 1659 1610 σπένδουσί
1704 1552 1757 1634 γ’
1804 1547 1841 1614 ἢ
1886 1553 2024 1619 τίνος
2068 1553 2239 1633 χάριν

919 1686 1149 1747 τοσαῦτ’
1196 1682 1267 1742 ἂν
1312 1680 1538 1764 ηὔχοντ’
1588 1683 1738 1769 εἴπερ
1785 1680 1919 1753 οἶνος
1964 1687 2047 1766 μὴ
2094 1688 2319 1769 παρῆν;

560 1932 751 1999 Haec
799 1931 987 1998 enim
1038 1929 1210 1997 mihi
1255 1929 1464 1998 unice
1514 1948 1679 1995 vera
1728 1927 1938 1995 lectio
1986 1948 2142 1995 esse
2190 1927 2491 1996 videtur.
2545 1927 2642 1995 De
2690 1946 2803 1994 ce-

470 2065 641 2132 teris
690 2062 1132 2154 lectionibus!
1168 2063 1302 2129 vid.
1354 2043 1590 2130 Herm.
1647 2062 1783 2148 (De
1826 2061 2074 2150 partic.
2118 2080 2183 2122 ow
2211 2060 2800 2164 Lib.·1Cap.13):

670 2301 815 2368 τίνος
861 2302 1034 2384 χάριν
1078 2300 1306 2358 τοσαῦτ’
1356 2296 1428 2357 ἂν
1473 2294 1754 2379 ηὔχοντο;
1803 2294 1843 2360 i.
1897 2314 1954 2359 e.
2005 2288 2222 2365 οὐδενος
2266 2299 2439 2382 χάριν
2485 2295 2601 2360 κτὲ.

562 2543 787 2633 Saepe
858 2535 1322 2633 praeteritum
1398 2544 1607 2611 indic.
1681 2564 1842 2611 cum
1904 2547 1977 2606 ἄν
2038 2545 2365 2627 indicat,
2415 2542 2584 2632 quid
2632 2563 2807 2609 nunc

472 2696 722 2746 revera
787 2697 926 2744 non
996 2676 1154 2762 fiat,
1219 2677 1383 2764 quia
1433 2678 1878 2745 necessariae
1926 2679 2316 2747 conditioni
2367 2698 2502 2744 non
2554 2677 2645 2743 sit
2693 2695 2801 2742 sa-

474 2812 867 2889 tisfactum,
916 2812 1156 2898 itaque
1205 2812 1506 2878 refertur
1553 2811 1636 2877 ad
1689 2818 1972 2899 tempus
2020 2832 2378 2899 praesens.

560 2944 717 3032 LyS.
770 2965 867 3012 vs.
915 2942 1084 3012 572:
1930 2910 1944 2924 ο

771 3177 879 3239 κᾶν
926 3182 1054 3262 ὑμῖν
1099 3180 1153 3264 y’
1199 3180 1247 3239 εἴ
1290 3199 1370 3250 τις
1414 3181 1541 3244 ἐνῆν
1586 3183 1741 3254 νοῦς,

770 3315 834 3373 ἐκ
887 3320 1001 3375 τῶν
1044 3315 1201 3401 ἐρίων
1245 3320 1355 3375 τῶν
1402 3315 1686 3399 ἡμετέρων
1732 3309 2101 3374 ἐπολιτεύεσθ’
2148 3311 2219 3372 ἂν
2263 3315 2514 3374 ἅπαντα.

562 3568 954 3655 Lysistrata
1005 3568 1210 3649 dicit,
1275 3567 1445 3655 quid
1496 3566 1730 3646 fieret,
1783 3568 1841 3635 si
1890 3568 2058 3635 viris
2108 3587 2280 3635 sana
2328 3587 2528 3634 mens
2577 3513 2803 3650 esset,

475 3701 600 3768 sed
672 3702 839 3770 vitio
912 3703 1169 3770 mentis
1240 3721 1432 3769 nunc
1502 3720 1642 3768 non
1716 3700 1859 3769 fiat.
1927 3700 2026 3769 Cf.
2092 3700 2218 3769 Av.
2288 3722 2379 3769 vs.
2432 3701 2562 3769 788
2609 3721 2802 3789 seqq.

475 3834 655 3904 Nub.
706 3856 804 3903 vs.
856 3834 1033 3904 1347
1082 3842 1152 3903 et
1200 3855 1362 3904 cum
1411 3834 1761 3923 particula
1807 3836 2203 3923 negationis
2253 3836 2412 3922 Lys.
2459 3833 2625 3902 301:

796 4080 858 4138 οὐ
904 4082 1020 4163 γοὶρ
1070 4093 1131 4137 ἀν
1177 4076 1293 4138 ποθ’
1338 4069 1438 4139 ὧδ’
1487 4069 1628 4149 ὀδάξ
1674 4072 1885 4164 ἔβρυκε
1933 4062 2037 4149 τοῖς
2081 4072 2271 4160 λήμας
2314 4077 2448 4160 ἐμοῦ
2467 4126 2483 4157 ‚

567 4305 703 4374 Ubi
766 4302 980 4395 ἔβρυκε
1043 4305 1133 4373 ad
1179 4312 1461 4394 tempus
1510 4325 1848 4393 praesens
1896 4305 2250 4393 pertinere
2300 4310 2493 4393 patet
2541 4325 2578 4371 e
2626 4310 2805 4371 tem-

473 4460 643 4529 pore
693 4440 1048 4529 praesenti
1093 4424 1287 4503 δάκνει
1333 4459 1542 4507 versu
1589 4437 1756 4507 298:
2611 4415 2621 4426 ’

979 4666 1172 4750 ὥσπερ
1218 4666 1368 4724 κύων
1414 4659 1684 4725 λυττῶσα
1728 4659 2050 4751 τώφθαλμὼ
2094 4653 2305 4727 δάκνει.
