3484 5609
1689 520 1780 593 48

662 719 1291 790 Animadversione
1340 721 1598 810 dignus
1649 726 1758 789 est
1807 719 2006 790 locus
2054 721 2176 810 Eq.
2228 742 2327 789 vs.
2374 720 2541 790 934:

1312 939 1574 1008 σπεύδειν
1619 945 1769 1018 ὅπως
1811 953 1923 1008 τῶν
1968 938 2234 1008 τευθίδων

1310 1073 1663 1163 ἐμπλήμενες
1704 1077 1907 1165 φθαίης
1950 1075 2023 1141 ἔτ’
2068 1084 2141 1151 εἰς

1309 1207 1618 1280 ἐκκλησίαν
1663 1207 1853 1273 ἐλθεῖν·

608 1447 611 1450 ’
661 1456 1000 1532 Quamvis
1068 1458 1427 1546 optativus
1496 1456 1907 1546 potentialis
1977 1458 2051 1525 in
2122 1459 2497 1527 sententiis
2565 1458 2895 1528 finalibus

572 1591 728 1659 loco
775 1575 998 1660 futuri
1044 1590 1189 1658 ind.
1236 1590 1558 1658 adhiberi
1598 1592 1825 1680 possit
1870 1599 1951 1659 ut
2013 1591 2199 1658 Eccl.
2241 1611 2340 1659 vs.
2380 1590 2506 1660 881
2533 1591 2739 1676 ,917‚
2767 1592 2894 1660 Av.

576 1745 674 1793 vs.
719 1723 887 1808 628,
957 1729 1196 1792 tamen
1264 1743 1405 1791 non
1469 1724 1584 1792 hio
1646 1724 2005 1813 optativus
2067 1725 2170 1792 sic
2235 1724 2570 1814 explicari
2628 1733 2897 1815 potest,

575 1858 742 1947 quia
805 1856 1000 1925 nullo
1064 1856 1274 1925 modo
1318 1878 1381 1922 ow
1427 1862 1721 1947 propter
1767 1864 2071 1925 metrum
2118 1858 2336 1926 inseri
2383 1865 2506 1925 aut
2553 1879 2591 1926 e
2640 1861 2894 1927 ceteris

573 1990 935 2060 vocabulis
981 1990 1166 2059 effici
1218 1995 1472 2080 potest.
1538 1989 1676 2058 Sed
1725 1990 2083 2079 optativus
2129 1991 2283 2058 sine
2326 2008 2390 2054 ἄν
2436 2009 2646 2081 saepe
2696 1992 2897 2060 adhi-

442 2151 447 2156 ·
573 2123 781 2191 betur
842 2122 915 2191 in
982 2123 1357 2191 sententiis
1419 2121 1893 2210 pendentibus
1954 2142 1996 2190 a
2053 2123 2233 2190 votis
2281 2124 2429 2192 sive
2474 2124 2607 2193 hoe
2655 2133 2894 2211 votum

571 2256 962 2325 indicatum
1024 2262 1133 2325 est
1179 2258 1533 2346 optativo,
1596 2264 1676 2326 ut
1724 2258 1852 2347 Eq.
1899 2278 2001 2326 vs.
2046 2258 2214 2342 694,
2262 2256 2471 2346 Vesp.
2531 2278 2631 2325 vs.
2679 2259 2895 2345 1431,

574 2391 722 2457 sive
769 2388 984 2457 verbo
1029 2389 1336 2476 εὔχεσθαι,
1383 2396 1465 2459 ut
1511 2390 1671 2459 Pac.
1720 2412 1820 2459 vs.
1869 2390 2002 2461 437
2049 2390 2217 2478 (vid.
2265 2410 2417 2479 cap.
2465 2392 2528 2459 ΙΙ
2575 2391 2612 2481 §
2658 2392 2760 2478 2).

659 2525 764 2596 ἕως
826 2541 987 2591 cum
1052 2523 1504 2592 coniunctivo
1567 2531 1638 2592 et
1695 2526 1770 2587 ἄν
1834 2523 2021 2612 quod
2085 2523 2437 2613 significat
2500 2525 2728 2611 donec,
2786 2532 2896 2595 est

573 2656 979 2725 coniunctio
1046 2655 1457 2744 temporalis
1527 2663 1598 2724 et
1666 2655 1933 2745 finalis,
2004 2623 2186 2725 Nub.
2253 2678 2352 2725 νε.
2401 2659 2610 2744 1460,
2679 2658 2891 2745 1489,

572 2790 748 2858 Ran.
797 2810 898 2858 vs.
944 2789 1113 2877 267,
1160 2782 1439 2858 Thesm.
1491 2810 1589 2858 vs.
1643 2789 1808 2876 854,
1859 2790 1983 2879 Eq.
2032 2811 2134 2859 vs.
2179 2790 2346 2875 395,
2393 2791 2545 2860 846.

658 2926 763 2998 ἕως
810 2943 972 2992 cum
1021 2924 1473 2992 coniunctivo
1521 2929 1592 2991 et
1638 2941 1702 2987 ἅν
1727 2922 1916 3015 quod
1945 2922 2296 3014 significat
2319 2924 2513 3012 dum,
2538 2915 2891 3015 quamdiu,

572 3064 680 3126 est
749 3063 1029 3126 tantum
1093 3058 1515 3146 temporale:
1587 3058 1749 3146 Lys.
1815 3079 1913 3126 vs.
1982 3056 2150 3140 178,
2214 3059 2494 3127 Thesm.
2558 3079 2659 3127 vs.
2719 3058 2889 3148 583,

572 3189 730 3278 Lys.
778 3211 880 3259 vs.
927 3189 1123 3259 1183.

659 3323 734 3391 Si
799 3323 975 3392 nihil
1035 3324 1290 3392 incerti
1337 3321 1622 3409 subest,
1678 3323 1806 3392 sed
1855 3324 2269 3413 simpliciter
2314 3324 2666 3412 quoddam
2717 3332 2889 3394 tem—

560 3458 763 3546 ,poris
848 3464 1285 3526 momentum
1371 3458 1729 3526 indicatur
1813 3461 1919 3532 ἕως
1996 3457 2384 3546 temporale
2452 3460 2893 3528 construitur

569 3610 732 3658 cum
778 3590 1197 3660 indicativo:
1249 3591 1435 3659 Eccl.
1486 3611 1587 3658 vs.
1632 3589 1741 3659 83.
1811 3590 2192 3660 Videamus
2240 3591 2365 3679 Eq.
2414 3612 2513 3659 vs.
2561 3590 2732 3659 133:

989 3819 1103 3885 NI.
1354 3855 1358 3860 ·
1526 3827 1628 3883 καὶ
1677 3826 1730 3885 τί
1774 3827 1962 3885 τοῦτον
2008 3825 2128 3911 χρὴ
2171 3823 2399 3908 παθεῖν;

990 3950 1213 4019 ΔΗΜ.
1245 3963 1472 4042 κρατεῖν
1489 4003 1506 4034 ,
1550 3955 1656 4028 ἕως
1700 3956 1885 4042 ἕτερος
1928 3958 2076 4045 ἀνὴρ
2117 3948 2537 4047 βδελυρώτερος

1245 4089 1421 4150 αὐτοῦ
1464 4089 1713 4175 γένηται.

570 4323 687 4392 Sic
733 4324 1184 4394 Hermannus
1236 4324 1406 4416 (vid.
1456 4323 1607 4393 Lib.
1656 4325 1718 4393 II
1768 4345 1919 4415 cap.
1964 4326 2044 4412 9,
2094 4347 2248 4417 pag.
2295 4326 2500 4413 110),
2549 4329 2672 4415 qui
2706 4328 2887 4396 hane

573 4457 943 4526 lectionem
1007 4458 1317 4547 praefert
1376 4459 1652 4548 vulgari
1710 4463 1920 4549 γένοιτο
1966 4480 2175 4549 quem
2223 4460 2531 4528 Kockius
2579 4459 2621 4527 l.
2672 4459 2715 4526 1.
2762 4449 2885 4549 ap-

572 4591 781 4679 pellat
835 4591 963 4658 Der
1012 4590 1268 4695 Optativ
1313 4594 1415 4660 als
1459 4591 1799 4660 Ausdruck
1844 4590 1956 4661 des
2000 4594 2143 4661 rein
2193 4591 2574 4662 Gedachten.
