<?xml version="1.0" encoding="UTF-8"?>
<!DOCTYPE html PUBLIC "-//W3C//DTD XHTML 1.0 Transitional//EN"
    "http://www.w3.org/TR/xhtml1/DTD/xhtml1-transitional.dtd">
<html xmlns="http://www.w3.org/1999/xhtml" xml:lang="en" lang="en">
 <head>
  <title>
</title>
<meta http-equiv="Content-Type" content="text/html;charset=utf-8" />
  <meta name='ocr-system' content='tesseract 3.04.00' />
  <meta name='ocr-capabilities' content='ocr_page ocr_carea ocr_par ocr_line ocrx_word'/>
</head>
<body>
  <div class='ocr_page' id='page_1' title='image "./deusuparticulae00unkngoog_0030.png"; bbox 0 0 3484 5609; ppageno 0'>
   <div class='ocr_carea' id='block_1_1' title="bbox 1460 950 2115 1038">
    <p class='ocr_par' dir='ltr' id='par_1_1' title="bbox 1460 950 2115 1038">
     <span class='ocr_line' id='line_1_1' title="bbox 1460 950 2115 1038; baseline -0.005 -19"><span class='ocrx_word' id='word_1_1' title='bbox 1460 951 1522 1019; x_wconf 73' lang='lat'><strong>2.</strong></span> <span class='ocrx_word' id='word_1_2' title='bbox 1620 950 1978 1038; x_wconf 79' lang='grc' dir='ltr'>Ἐβουλόμην</span> <span class='ocrx_word' id='word_1_3' title='bbox 2026 955 2115 1016; x_wconf 76' lang='grc' dir='ltr'>οἷν.</span> 
     </span>
    </p>
   </div>
   <div class='ocr_carea' id='block_1_2' title="bbox 625 1246 2965 2271">
    <p class='ocr_par' dir='ltr' id='par_1_2' title="bbox 625 1246 2965 2271">
     <span class='ocr_line' id='line_1_2' title="bbox 716 1246 2961 1335; baseline 0 -21"><span class='ocrx_word' id='word_1_4' title='bbox 716 1246 789 1314; x_wconf 84' lang='lat' dir='ltr'><strong>Si</strong></span> <span class='ocrx_word' id='word_1_5' title='bbox 862 1247 1022 1335; x_wconf 88' lang='lat' dir='ltr'><strong>quis</strong></span> <span class='ocrx_word' id='word_1_6' title='bbox 1093 1253 1322 1334; x_wconf 80' lang='lat' dir='ltr'><strong>optat,</strong></span> <span class='ocrx_word' id='word_1_7' title='bbox 1403 1252 1479 1315; x_wconf 86' lang='lat' dir='ltr'><strong>ut</strong></span> <span class='ocrx_word' id='word_1_8' title='bbox 1549 1246 1741 1315; x_wconf 86' lang='lat' dir='ltr'><strong>aliud</strong></span> <span class='ocrx_word' id='word_1_9' title='bbox 1808 1247 1979 1335; x_wconf 86' lang='lat' dir='ltr'><strong>quid</strong></span> <span class='ocrx_word' id='word_1_10' title='bbox 2028 1246 2447 1328; x_wconf 82' lang='lat' dir='ltr'><strong>accidisset,</strong></span> <span class='ocrx_word' id='word_1_11' title='bbox 2515 1267 2727 1334; x_wconf 85' lang='lat' dir='ltr'>quam</span> <span class='ocrx_word' id='word_1_12' title='bbox 2777 1246 2961 1315; x_wconf 83' lang='lat' dir='ltr'><strong>acci-</strong></span> 
     </span>
     <span class='ocr_line' id='line_1_3' title="bbox 625 1343 2958 1469; baseline 0 -23"><span class='ocrx_word' id='word_1_13' title='bbox 625 1379 763 1462; x_wconf 80' lang='lat' dir='ltr'><strong>dit,</strong></span> <span class='ocrx_word' id='word_1_14' title='bbox 813 1380 1040 1448; x_wconf 82' lang='lat' dir='ltr'><strong>utitur</strong></span> <span class='ocrx_word' id='word_1_15' title='bbox 1074 1343 1471 1467; x_wconf 41' lang='lat' dir='ltr'><strong>&#39;praeterito</strong></span> <span class='ocrx_word' id='word_1_16' title='bbox 1522 1378 1719 1448; x_wconf 76' lang='lat' dir='ltr'><strong>verbi</strong></span> <span class='ocrx_word' id='word_1_17' title='bbox 1767 1377 2050 1467; x_wconf 66' lang='grc' dir='ltr'>βούλομαι</span> <span class='ocrx_word' id='word_1_18' title='bbox 2097 1400 2260 1448; x_wconf 82' lang='lat' dir='ltr'><strong>cum</strong></span> <span class='ocrx_word' id='word_1_19' title='bbox 2290 1380 2638 1469; x_wconf 80' lang='lat' dir='ltr'><strong>particula</strong></span> <span class='ocrx_word' id='word_1_20' title='bbox 2665 1383 2757 1448; x_wconf 77' lang='grc' dir='ltr'><strong>ἄν.</strong></span> <span class='ocrx_word' id='word_1_21' title='bbox 2808 1380 2958 1447; x_wconf 89' lang='lat' dir='ltr'><strong>Vid.</strong></span> 
     </span>
     <span class='ocr_line' id='line_1_4' title="bbox 626 1511 2961 1603; baseline 0 -22"><span class='ocrx_word' id='word_1_22' title='bbox 626 1514 803 1581; x_wconf 85' lang='lat' dir='ltr'>Ran.</span> <span class='ocrx_word' id='word_1_23' title='bbox 869 1534 967 1582; x_wconf 88' lang='lat' dir='ltr'><strong>vs.</strong></span> <span class='ocrx_word' id='word_1_24' title='bbox 1030 1511 1180 1581; x_wconf 79' lang='lat'>672.</span> <span class='ocrx_word' id='word_1_25' title='bbox 1236 1514 1618 1603; x_wconf 85' lang='lat' dir='ltr'>Postquam</span> <span class='ocrx_word' id='word_1_26' title='bbox 1665 1513 1944 1582; x_wconf 84' lang='lat' dir='ltr'><strong>Aeacus</strong></span> <span class='ocrx_word' id='word_1_27' title='bbox 1996 1514 2177 1583; x_wconf 83' lang='lat' dir='ltr'><strong>male</strong></span> <span class='ocrx_word' id='word_1_28' title='bbox 2226 1514 2566 1583; x_wconf 84' lang='lat' dir='ltr'>mulcavit</span> <span class='ocrx_word' id='word_1_29' title='bbox 2606 1513 2961 1582; x_wconf 84' lang='lat' dir='ltr'><strong>Bacchum</strong></span> 
     </span>
     <span class='ocr_line' id='line_1_5' title="bbox 625 1647 2964 1737; baseline 0 -23"><span class='ocrx_word' id='word_1_30' title='bbox 625 1654 696 1715; x_wconf 83' lang='lat' dir='ltr'><strong>et</strong></span> <span class='ocrx_word' id='word_1_31' title='bbox 743 1648 1127 1715; x_wconf 83' lang='lat' dir='ltr'><strong>Xanthiam</strong></span> <span class='ocrx_word' id='word_1_32' title='bbox 1176 1647 1264 1715; x_wconf 84' lang='lat' dir='ltr'><strong>ad</strong></span> <span class='ocrx_word' id='word_1_33' title='bbox 1313 1647 1910 1737; x_wconf 80' lang='lat' dir='ltr'>dignoscendum,</span> <span class='ocrx_word' id='word_1_34' title='bbox 1959 1655 2119 1717; x_wconf 85' lang='lat' dir='ltr'><strong>uter</strong></span> <span class='ocrx_word' id='word_1_35' title='bbox 2169 1647 2342 1716; x_wconf 84' lang='lat' dir='ltr'><strong>deus</strong></span> <span class='ocrx_word' id='word_1_36' title='bbox 2394 1648 2524 1732; x_wconf 83' lang='lat' dir='ltr'><strong>sit,</strong></span> <span class='ocrx_word' id='word_1_37' title='bbox 2573 1667 2804 1736; x_wconf 81' lang='lat' dir='ltr'>neque</span> <span class='ocrx_word' id='word_1_38' title='bbox 2830 1647 2964 1715; x_wconf 85' lang='lat' dir='ltr'><strong>boc</strong></span> 
     </span>
     <span class='ocr_line' id='line_1_6' title="bbox 627 1780 2963 1871; baseline 0 -23"><span class='ocrx_word' id='word_1_39' title='bbox 627 1781 837 1848; x_wconf 87' lang='lat' dir='ltr'>modo</span> <span class='ocrx_word' id='word_1_40' title='bbox 908 1780 1211 1850; x_wconf 83' lang='lat' dir='ltr'><strong>multum</strong></span> <span class='ocrx_word' id='word_1_41' title='bbox 1283 1782 1615 1871; x_wconf 81' lang='lat' dir='ltr'>profecit,</span> <span class='ocrx_word' id='word_1_42' title='bbox 1681 1781 1882 1850; x_wconf 84' lang='lat' dir='ltr'><strong>iubet</strong></span> <span class='ocrx_word' id='word_1_43' title='bbox 1944 1802 2065 1850; x_wconf 82' lang='lat' dir='ltr'><strong>eos</strong></span> <span class='ocrx_word' id='word_1_44' title='bbox 2130 1783 2399 1850; x_wconf 80' lang='lat' dir='ltr'><strong>intrare</strong></span> <span class='ocrx_word' id='word_1_45' title='bbox 2446 1780 2729 1867; x_wconf 78' lang='lat' dir='ltr'>ambOS,</span> <span class='ocrx_word' id='word_1_46' title='bbox 2775 1780 2963 1869; x_wconf 86' lang='lat' dir='ltr'>quod</span> 
     </span>
     <span class='ocr_line' id='line_1_7' title="bbox 629 1914 2961 2005; baseline 0 -24"><span class='ocrx_word' id='word_1_47' title='bbox 629 1914 959 1983; x_wconf 86' lang='lat' dir='ltr'>dominus</span> <span class='ocrx_word' id='word_1_48' title='bbox 1008 1934 1128 1982; x_wconf 82' lang='lat' dir='ltr'><strong>eos</strong></span> <span class='ocrx_word' id='word_1_49' title='bbox 1170 1916 1323 1982; x_wconf 84' lang='lat' dir='ltr'><strong>sine</strong></span> <span class='ocrx_word' id='word_1_50' title='bbox 1364 1914 1582 1983; x_wconf 84' lang='lat' dir='ltr'><strong>dubio</strong></span> <span class='ocrx_word' id='word_1_51' title='bbox 1610 1916 2027 2004; x_wconf 79' lang='lat' dir='ltr'><strong>cogniturus</strong></span> <span class='ocrx_word' id='word_1_52' title='bbox 2054 1917 2165 1984; x_wconf 85' lang='lat' dir='ltr'><strong>sit.</strong></span> <span class='ocrx_word' id='word_1_53' title='bbox 2218 1915 2367 1983; x_wconf 81' lang='lat' dir='ltr'><strong>Hoc</strong></span> <span class='ocrx_word' id='word_1_54' title='bbox 2393 1914 2626 2005; x_wconf 82' lang='lat' dir='ltr'>placet</span> <span class='ocrx_word' id='word_1_55' title='bbox 2651 1914 2961 1998; x_wconf 78' lang='lat' dir='ltr'>Bacche,</span> 
     </span>
     <span class='ocr_line' id='line_1_8' title="bbox 628 2033 2965 2136; baseline -0.001 -22"><span class='ocrx_word' id='word_1_56' title='bbox 628 2054 943 2116; x_wconf 81' lang='lat' dir='ltr'><strong>attamen</strong></span> <span class='ocrx_word' id='word_1_57' title='bbox 994 2048 1165 2115; x_wconf 84' lang='lat' dir='ltr'><strong>dicit</strong></span> <span class='ocrx_word' id='word_1_58' title='bbox 1213 2047 1347 2116; x_wconf 85' lang='lat' dir='ltr'><strong>sibi</strong></span> <span class='ocrx_word' id='word_1_59' title='bbox 1396 2033 1667 2136; x_wconf 78' lang='lat' dir='ltr'><strong>gratius</strong></span> <span class='ocrx_word' id='word_1_60' title='bbox 1719 2049 2040 2118; x_wconf 77' lang='lat' dir='ltr'><strong>futurum</strong></span> <span class='ocrx_word' id='word_1_61' title='bbox 2090 2048 2347 2133; x_wconf 84' lang='lat' dir='ltr'><strong>fuisse,</strong></span> <span class='ocrx_word' id='word_1_62' title='bbox 2396 2048 2456 2115; x_wconf 87' lang='lat' dir='ltr'><strong>si</strong></span> <span class='ocrx_word' id='word_1_63' title='bbox 2506 2047 2782 2116; x_wconf 83' lang='lat' dir='ltr'><strong>Aeacus</strong></span> <span class='ocrx_word' id='word_1_64' title='bbox 2832 2047 2965 2114; x_wconf 87' lang='lat' dir='ltr'><strong>hoc</strong></span> 
     </span>
     <span class='ocr_line' id='line_1_9' title="bbox 628 2181 2874 2271; baseline -0.002 -21"><span class='ocrx_word' id='word_1_65' title='bbox 628 2183 770 2250; x_wconf 82' lang='lat' dir='ltr'><strong>iam</strong></span> <span class='ocrx_word' id='word_1_66' title='bbox 818 2188 1028 2249; x_wconf 84' lang='lat' dir='ltr'>antea</span> <span class='ocrx_word' id='word_1_67' title='bbox 1077 2182 1605 2265; x_wconf 79' lang='lat' dir='ltr'><strong>constituisset,</strong></span> <span class='ocrx_word' id='word_1_68' title='bbox 1655 2183 2074 2271; x_wconf 85' lang='lat' dir='ltr'>priusquam</span> <span class='ocrx_word' id='word_1_69' title='bbox 2123 2183 2359 2271; x_wconf 88' lang='lat' dir='ltr'><strong>ipsum</strong></span> <span class='ocrx_word' id='word_1_70' title='bbox 2411 2181 2874 2249; x_wconf 81' lang='lat' dir='ltr'><strong>verberasset.</strong></span> 
     </span>
    </p>
   </div>
   <div class='ocr_carea' id='block_1_3' title="bbox 1037 2409 2380 2504">
    <p class='ocr_par' dir='ltr' id='par_1_3' title="bbox 1037 2409 2380 2504">
     <span class='ocr_line' id='line_1_10' title="bbox 1037 2409 2380 2504; baseline 0 -27"><span class='ocrx_word' id='word_1_71' title='bbox 1037 2416 1209 2503; x_wconf 83' lang='grc' dir='ltr'>ὀρθῶς</span> <span class='ocrx_word' id='word_1_72' title='bbox 1256 2413 1433 2504; x_wconf 76' lang='grc' dir='ltr'>λὲγεις</span> <span class='ocrx_word' id='word_1_73' title='bbox 1455 2468 1471 2500; x_wconf 80' lang='lat'>‚</span> <span class='ocrx_word' id='word_1_74' title='bbox 1522 2412 1843 2502; x_wconf 80' lang='grc' dir='ltr'>ἐβουλόμην</span> <span class='ocrx_word' id='word_1_75' title='bbox 1889 2409 1940 2479; x_wconf 77' lang='grc' dir='ltr'><strong>δ’</strong></span> <span class='ocrx_word' id='word_1_76' title='bbox 1987 2415 2060 2478; x_wconf 78' lang='grc' dir='ltr'><strong>ἂν</strong></span> <span class='ocrx_word' id='word_1_77' title='bbox 2112 2417 2268 2478; x_wconf 82' lang='grc' dir='ltr'>τοῦτό</span> <span class='ocrx_word' id='word_1_78' title='bbox 2314 2437 2380 2478; x_wconf 88' lang='grc' dir='ltr'><strong>σε</strong></span> 
     </span>
    </p>
   </div>
   <div class='ocr_carea' id='block_1_4' title="bbox 1043 2544 2595 2639">
    <p class='ocr_par' dir='ltr' id='par_1_4' title="bbox 1043 2544 2595 2639">
     <span class='ocr_line' id='line_1_11' title="bbox 1043 2544 2595 2639; baseline 0.001 -28"><span class='ocrx_word' id='word_1_79' title='bbox 1043 2561 1311 2639; x_wconf 83' lang='grc' dir='ltr'>πρότερον</span> <span class='ocrx_word' id='word_1_80' title='bbox 1356 2560 1592 2629; x_wconf 81' lang='grc' dir='ltr'>νοῆσαι,</span> <span class='ocrx_word' id='word_1_81' title='bbox 1638 2559 1767 2639; x_wconf 84' lang='grc' dir='ltr'>πρὶν</span> <span class='ocrx_word' id='word_1_82' title='bbox 1813 2554 1910 2636; x_wconf 79' lang='grc' dir='ltr'><strong>ἐμὲ</strong></span> <span class='ocrx_word' id='word_1_83' title='bbox 1956 2557 2058 2623; x_wconf 78' lang='grc' dir='ltr'><strong>τοίς</strong></span> <span class='ocrx_word' id='word_1_84' title='bbox 2106 2547 2334 2636; x_wconf 75' lang='grc' dir='ltr'>πληγάς</span> <span class='ocrx_word' id='word_1_85' title='bbox 2378 2544 2595 2630; x_wconf 86' lang='grc' dir='ltr'>λαβεῖν.</span> 
     </span>
    </p>
   </div>
   <div class='ocr_carea' id='block_1_5' title="bbox 638 2777 2967 3010">
    <p class='ocr_par' dir='ltr' id='par_1_5' title="bbox 638 2777 2967 3010">
     <span class='ocr_line' id='line_1_12' title="bbox 723 2777 2967 2867; baseline -0.001 -20"><span class='ocrx_word' id='word_1_86' title='bbox 723 2781 1079 2867; x_wconf 73' lang='grc' dir='ltr'>Ἐβουλόμην</span> <span class='ocrx_word' id='word_1_87' title='bbox 1152 2798 1212 2843; x_wconf 54' lang='grc' dir='ltr'><strong>ἄν</strong></span> <span class='ocrx_word' id='word_1_88' title='bbox 1276 2781 1490 2849; x_wconf 82' lang='lat' dir='ltr'><strong>etiam</strong></span> <span class='ocrx_word' id='word_1_89' title='bbox 1553 2780 1822 2848; x_wconf 84' lang='lat' dir='ltr'><strong>indicat</strong></span> <span class='ocrx_word' id='word_1_90' title='bbox 1886 2799 2398 2867; x_wconf 82' lang='lat' dir='ltr'>nonnunquam</span> <span class='ocrx_word' id='word_1_91' title='bbox 2454 2785 2721 2861; x_wconf 77' lang='lat' dir='ltr'><strong>votum,</strong></span> <span class='ocrx_word' id='word_1_92' title='bbox 2779 2777 2967 2866; x_wconf 87' lang='lat' dir='ltr'>quod</span> 
     </span>
     <span class='ocr_line' id='line_1_13' title="bbox 638 2891 2248 3010; baseline -0.006 -21"><span class='ocrx_word' id='word_1_93' title='bbox 638 2922 873 2989; x_wconf 84' lang='lat' dir='ltr'><strong>adhuc</strong></span> <span class='ocrx_word' id='word_1_94' title='bbox 922 2920 1189 3010; x_wconf 81' lang='lat' dir='ltr'><strong>expleri</strong></span> <span class='ocrx_word' id='word_1_95' title='bbox 1237 2891 1512 3007; x_wconf 24' lang='lat' dir='ltr'><strong>potest..</strong></span> <span class='ocrx_word' id='word_1_96' title='bbox 1542 2916 1643 2985; x_wconf 82' lang='lat' dir='ltr'><strong>Cf.</strong></span> <span class='ocrx_word' id='word_1_97' title='bbox 1696 2914 1883 2982; x_wconf 85' lang='lat' dir='ltr'>Eccl.</span> <span class='ocrx_word' id='word_1_98' title='bbox 1934 2934 2032 2981; x_wconf 87' lang='lat' dir='ltr'><strong>vs.</strong></span> <span class='ocrx_word' id='word_1_99' title='bbox 2092 2913 2248 2980; x_wconf 79' lang='lat'>151:</span> 
     </span>
    </p>
   </div>
   <div class='ocr_carea' id='block_1_6' title="bbox 1191 3139 2541 3371">
    <p class='ocr_par' dir='ltr' id='par_1_6' title="bbox 1191 3139 2541 3371">
     <span class='ocr_line' id='line_1_14' title="bbox 1191 3139 2427 3236; baseline -0.003 -24"><span class='ocrx_word' id='word_1_100' title='bbox 1191 3148 1505 3235; x_wconf 77' lang='grc' dir='ltr'>ἐβουλόμην</span> <span class='ocrx_word' id='word_1_101' title='bbox 1551 3153 1653 3234; x_wconf 82' lang='grc' dir='ltr'><strong>μὲν</strong></span> <span class='ocrx_word' id='word_1_102' title='bbox 1698 3150 1885 3236; x_wconf 84' lang='grc' dir='ltr'>ἕτερον</span> <span class='ocrx_word' id='word_1_103' title='bbox 1931 3161 1991 3209; x_wconf 66' lang='grc' dir='ltr'><strong>ἂν</strong></span> <span class='ocrx_word' id='word_1_104' title='bbox 2038 3154 2149 3209; x_wconf 86' lang='grc' dir='ltr'><strong>τῶν</strong></span> <span class='ocrx_word' id='word_1_105' title='bbox 2195 3139 2427 3216; x_wconf 74' lang='grc' dir='ltr'>ἠθάδων</span> 
     </span>
     <span class='ocr_line' id='line_1_15' title="bbox 1194 3278 2541 3371; baseline -0.002 -26"><span class='ocrx_word' id='word_1_106' title='bbox 1194 3281 1370 3371; x_wconf 77' lang='grc' dir='ltr'>λέγειν</span> <span class='ocrx_word' id='word_1_107' title='bbox 1417 3291 1492 3346; x_wconf 81' lang='grc' dir='ltr'><strong>τά</strong></span> <span class='ocrx_word' id='word_1_108' title='bbox 1534 3278 1805 3365; x_wconf 80' lang='grc' dir='ltr'>βέλτισθ’,</span> <span class='ocrx_word' id='word_1_109' title='bbox 1855 3284 1916 3342; x_wconf 82' lang='grc' dir='ltr'><strong>ἶν’</strong></span> <span class='ocrx_word' id='word_1_110' title='bbox 1963 3280 2255 3365; x_wconf 83' lang='grc' dir='ltr'>ἐκαθήμην</span> <span class='ocrx_word' id='word_1_111' title='bbox 2300 3284 2541 3365; x_wconf 81' lang='grc' dir='ltr'>ἥσυχος·</span> 
     </span>
    </p>
   </div>
   <div class='ocr_carea' id='block_1_7' title="bbox 1192 3409 1756 3478">
    <p class='ocr_par' dir='ltr' id='par_1_7' title="bbox 1192 3409 1756 3478">
     <span class='ocr_line' id='line_1_16' title="bbox 1192 3409 1756 3478; baseline 0 0"><span class='ocrx_word' id='word_1_112' title='bbox 1192 3423 1288 3478; x_wconf 81' lang='grc' dir='ltr'><strong>νῦν</strong></span> <span class='ocrx_word' id='word_1_113' title='bbox 1334 3409 1386 3478; x_wconf 85' lang='grc' dir='ltr'><strong>δ’</strong></span> <span class='ocrx_word' id='word_1_114' title='bbox 1434 3419 1535 3478; x_wconf 80' lang='grc' dir='ltr'><strong>οὐκ</strong></span> <span class='ocrx_word' id='word_1_115' title='bbox 1579 3419 1756 3478; x_wconf 78' lang='grc' dir='ltr'>ἐάσω.</span> 
     </span>
    </p>
   </div>
   <div class='ocr_carea' id='block_1_8' title="bbox 639 3653 2973 4129">
    <p class='ocr_par' dir='ltr' id='par_1_8' title="bbox 639 3653 2973 4016">
     <span class='ocr_line' id='line_1_17' title="bbox 730 3653 2970 3745; baseline -0.004 -20"><span class='ocrx_word' id='word_1_116' title='bbox 730 3658 820 3725; x_wconf 82' lang='lat' dir='ltr'><strong>Et</strong></span> <span class='ocrx_word' id='word_1_117' title='bbox 868 3658 1073 3745; x_wconf 85' lang='lat' dir='ltr'><strong>Vesp.</strong></span> <span class='ocrx_word' id='word_1_118' title='bbox 1129 3676 1224 3723; x_wconf 84' lang='lat' dir='ltr'><strong>vs.</strong></span> <span class='ocrx_word' id='word_1_119' title='bbox 1273 3654 1440 3734; x_wconf 81' lang='lat'><strong>960,</strong></span> <span class='ocrx_word' id='word_1_120' title='bbox 1491 3654 1649 3740; x_wconf 88' lang='lat' dir='ltr'><strong>ubi,</strong></span> <span class='ocrx_word' id='word_1_121' title='bbox 1696 3674 1916 3742; x_wconf 85' lang='lat' dir='ltr'>quum</span> <span class='ocrx_word' id='word_1_122' title='bbox 1966 3653 2346 3722; x_wconf 83' lang='lat' dir='ltr'>Bdelucleo</span> <span class='ocrx_word' id='word_1_123' title='bbox 2374 3654 2702 3722; x_wconf 79' lang='lat' dir='ltr'><strong>dixisset:</strong></span> <span class='ocrx_word' id='word_1_124' title='bbox 2754 3654 2970 3742; x_wconf 80' lang='grc' dir='ltr'>κιθαρί-</span> 
     </span>
     <span class='ocr_line' id='line_1_18' title="bbox 639 3781 2973 3881; baseline -0.003 -25"><span class='ocrx_word' id='word_1_125' title='bbox 639 3796 750 3867; x_wconf 82' lang='grc' dir='ltr'>ζειν</span> <span class='ocrx_word' id='word_1_126' title='bbox 795 3798 913 3881; x_wconf 80' lang='grc' dir='ltr'><strong>γοὶρ</strong></span> <span class='ocrx_word' id='word_1_127' title='bbox 957 3795 1056 3854; x_wconf 84' lang='grc' dir='ltr'><strong>οὐκ</strong></span> <span class='ocrx_word' id='word_1_128' title='bbox 1103 3795 1432 3868; x_wconf 82' lang='grc' dir='ltr'>ἐπίσταται,</span> <span class='ocrx_word' id='word_1_129' title='bbox 1483 3787 1661 3855; x_wconf 82' lang='lat' dir='ltr'><strong>alter</strong></span> <span class='ocrx_word' id='word_1_130' title='bbox 1707 3789 1773 3856; x_wconf 82' lang='lat' dir='ltr'><strong>ei</strong></span> <span class='ocrx_word' id='word_1_131' title='bbox 1820 3787 2235 3876; x_wconf 80' lang='lat' dir='ltr'>respondet:</span> <span class='ocrx_word' id='word_1_132' title='bbox 2289 3792 2399 3876; x_wconf 78' lang='grc' dir='ltr'><strong>ἐγὼ</strong></span> <span class='ocrx_word' id='word_1_133' title='bbox 2445 3781 2502 3851; x_wconf 82' lang='grc' dir='ltr'><strong>δ’</strong></span> <span class='ocrx_word' id='word_1_134' title='bbox 2552 3784 2868 3873; x_wconf 78' lang='grc' dir='ltr'>ἐβουλόμην</span> <span class='ocrx_word' id='word_1_135' title='bbox 2913 3804 2973 3848; x_wconf 65' lang='grc' dir='ltr'><strong>ἂν</strong></span> 
     </span>
     <span class='ocr_line' id='line_1_19' title="bbox 640 3921 1158 4016; baseline -0.008 -24"><span class='ocrx_word' id='word_1_136' title='bbox 640 3921 771 3992; x_wconf 82' lang='grc' dir='ltr'>οὐδὲ</span> <span class='ocrx_word' id='word_1_137' title='bbox 814 3933 1158 4016; x_wconf 78' lang='grc' dir='ltr'><strong><em>γράμματα.</em></strong></span> 
     </span>
    </p>

    <p class='ocr_par' dir='ltr' id='par_1_9' title="bbox 730 4057 1272 4129">
     <span class='ocr_line' id='line_1_20' title="bbox 730 4057 1272 4129; baseline -0.004 -2"><span class='ocrx_word' id='word_1_138' title='bbox 730 4060 907 4129; x_wconf 86' lang='lat' dir='ltr'>Ran.</span> <span class='ocrx_word' id='word_1_139' title='bbox 960 4080 1056 4126; x_wconf 87' lang='lat' dir='ltr'><strong>vs.</strong></span> <span class='ocrx_word' id='word_1_140' title='bbox 1106 4057 1272 4125; x_wconf 78' lang='lat'>865:</span> 
     </span>
    </p>
   </div>
   <div class='ocr_carea' id='block_1_9' title="bbox 1258 4282 2366 4379">
    <p class='ocr_par' dir='ltr' id='par_1_10' title="bbox 1258 4282 2366 4379">
     <span class='ocr_line' id='line_1_21' title="bbox 1258 4282 2366 4379; baseline -0.001 -26"><span class='ocrx_word' id='word_1_141' title='bbox 1258 4287 1575 4376; x_wconf 85' lang='grc' dir='ltr'>ἐβουλόμην</span> <span class='ocrx_word' id='word_1_142' title='bbox 1619 4294 1721 4375; x_wconf 80' lang='grc' dir='ltr'><strong>μὲν</strong></span> <span class='ocrx_word' id='word_1_143' title='bbox 1768 4293 1866 4354; x_wconf 83' lang='grc' dir='ltr'><strong>οὐκ</strong></span> <span class='ocrx_word' id='word_1_144' title='bbox 1912 4292 2104 4379; x_wconf 83' lang='grc' dir='ltr'>ἐριζειν</span> <span class='ocrx_word' id='word_1_145' title='bbox 2148 4282 2366 4352; x_wconf 83' lang='grc' dir='ltr'>ἐνθάδε.</span> 
     </span>
    </p>
   </div>
   <div class='ocr_carea' id='block_1_10' title="bbox 648 4515 2974 4739">
    <p class='ocr_par' dir='ltr' id='par_1_11' title="bbox 648 4515 2974 4739">
     <span class='ocr_line' id='line_1_22' title="bbox 733 4515 2974 4609; baseline -0.003 -19"><span class='ocrx_word' id='word_1_146' title='bbox 733 4521 1055 4590; x_wconf 82' lang='lat' dir='ltr'>Meineke</span> <span class='ocrx_word' id='word_1_147' title='bbox 1103 4526 1163 4583; x_wconf 63' lang='lat' dir='ltr'><strong>⁹‘iv</strong></span> <span class='ocrx_word' id='word_1_148' title='bbox 1209 4519 1638 4609; x_wconf 77' lang='lat' dir='ltr'><strong>interposuit</strong></span> <span class='ocrx_word' id='word_1_149' title='bbox 1685 4525 1848 4608; x_wconf 82' lang='lat' dir='ltr'>post</span> <span class='ocrx_word' id='word_1_150' title='bbox 1894 4525 1995 4607; x_wconf 79' lang='grc' dir='ltr'><strong>μὲν</strong></span> <span class='ocrx_word' id='word_1_151' title='bbox 2052 4519 2223 4604; x_wconf 90' lang='lat' dir='ltr'><strong>(vid.</strong></span> <span class='ocrx_word' id='word_1_152' title='bbox 2268 4515 2473 4585; x_wconf 89' lang='lat' dir='ltr'>Dind.</span> <span class='ocrx_word' id='word_1_153' title='bbox 2524 4515 2565 4582; x_wconf 90' lang='lat'><strong>1.</strong></span> <span class='ocrx_word' id='word_1_154' title='bbox 2615 4515 2721 4601; x_wconf 91' lang='lat' dir='ltr'>l.).</span> <span class='ocrx_word' id='word_1_155' title='bbox 2771 4515 2974 4591; x_wconf 81' lang='lat' dir='ltr'>Quod</span> 
     </span>
     <span class='ocr_line' id='line_1_23' title="bbox 648 4648 2974 4739; baseline -0.004 -17"><span class='ocrx_word' id='word_1_156' title='bbox 648 4654 1095 4723; x_wconf 81' lang='lat' dir='ltr'>Hermannus</span> <span class='ocrx_word' id='word_1_157' title='bbox 1159 4654 1246 4722; x_wconf 84' lang='lat' dir='ltr'><strong>de.</strong></span> <span class='ocrx_word' id='word_1_158' title='bbox 1285 4655 1419 4723; x_wconf 86' lang='lat' dir='ltr'><strong>hoc</strong></span> <span class='ocrx_word' id='word_1_159' title='bbox 1459 4653 1614 4722; x_wconf 84' lang='lat' dir='ltr'>loco</span> <span class='ocrx_word' id='word_1_160' title='bbox 1655 4652 1830 4720; x_wconf 84' lang='lat' dir='ltr'><strong>dicit</strong></span> <span class='ocrx_word' id='word_1_161' title='bbox 1876 4652 2025 4738; x_wconf 89' lang='lat' dir='ltr'><strong>(lib.</strong></span> <span class='ocrx_word' id='word_1_162' title='bbox 2076 4652 2101 4718; x_wconf 97' lang='lat' dir='ltr'>l</span> <span class='ocrx_word' id='word_1_163' title='bbox 2156 4651 2319 4739; x_wconf 84' lang='lat' dir='ltr'>Cap.</span> <span class='ocrx_word' id='word_1_164' title='bbox 2369 4649 2526 4737; x_wconf 75' lang='lat'><strong>12),</strong></span> <span class='ocrx_word' id='word_1_165' title='bbox 2577 4669 2717 4716; x_wconf 87' lang='lat' dir='ltr'><strong>non</strong></span> <span class='ocrx_word' id='word_1_166' title='bbox 2766 4648 2974 4716; x_wconf 81' lang='lat' dir='ltr'><strong>intel·</strong></span> 
     </span>
    </p>
   </div>
  </div>
 </body>
</html>
