3484 5609
568 577 702 645 108
1579 593 1891 643 THESsss.

1690 821 1784 880 VI.

661 983 897 1051 Photii
959 982 1125 1049 Lex.
1187 986 1588 1071 μαρτυρωνται
1647 982 1799 1045 ὅταν.
1851 987 1978 1044 οὶντὶ
2022 986 2119 1043 τοῦ
2164 985 2458 1068 μαρτυρίᾳ
2502 982 2824 1064 ἑπάγωντοιι
2868 979 2906 1047 ἦ

569 1120 959 1206 παρέχωνται·
1008 1112 1285 1188 πολιτείας
1329 1110 1394 1197 β·
1442 1118 1537 1178 τὸν
1575 1112 1842 1203 ’Όμηρον
1886 1117 2306 1202 μαρτύρωντοιι.

660 1243 1126 1315 Scribenflum
1174 1251 1320 1314 est:
1369 1249 1793 1334 μαρτύρονται,
1840 1247 1974 1309 ὅταν
2021 1252 2147 1308 τινα
2190 1248 2279 1308 ἐπὶ
2321 1250 2615 1334 μαρτυρίᾳ
2649 1246 2909 1333 ἐπάγων-

570 1404 664 1444 ται
709 1380 747 1449 ἢ
793 1383 1178 1466 παρέχωνται·
1227 1375 1508 1451 πολιτείας
1550 1374 1615 1461 β·
1663 1382 1758 1442 τὸν
1797 1376 2062 1467 Όμηρον
2107 1380 2511 1467 μαρτύρονται.

1670 1562 1802 1626 VII.
1834 1653 1857 1666 ᾖ

661 1723 896 1790 Photii
985 1722 1149 1790 Lex.
1222 1742 1371 1790 voc.
1444 1724 1769 1812 εὐθυωρίαν·
1840 1727 1944 1790 τὴν
2011 1723 2291 1791 εὐθύτητα
2356 1739 2495 1787 non
2568 1718 2659 1787 ad
2729 1717 2906 1786 Plat.

572 1856 774 1944 Reip.
824 1854 976 1923 Lib.
1026 1854 1119 1922 IV
1165 1853 1301 1923 436
1348 1853 1801 1928 referendum
1854 1858 1984 1921 est.

1655 2021 1816 2081 VIII.

661 2180 877 2249 Arist.
929 2180 1057 2248 Av.
1107 2201 1207 2247 vs.
1256 2179 1378 2248 70:
1806 2180 2058 2253 ἡττήθης
2100 2184 2241 2253 τινὸς

1210 2310 1624 2401 αλεκτρυόνος;
1696 2311 2054 2380 scribatur
2099 2312 2349 2385 ἡττηθείς
2394 2333 2536 2385 τινος
2582 2316 2714 2378 cet.

1685 2480 1788 2539 IX.
1864 2531 1870 2536 .

664 2611 882 2680 Arist.
931 2612 1109 2679 Rau.
1162 2633 1261 2680 vs.
1311 2608 1520 2678 1477:

1084 2750 1166 2817 τίς
1210 2738 1360 2807 οἶδεν
1405 2750 1449 2807 εἰ
1493 2748 1557 2808 τὸ
1606 2745 1713 2817 ζῆν
1753 2747 1855 2829 μέν
1899 2747 2019 2808 ε’στι
2063 2742 2359 2808 κατθανεῖν
2376 2796 2395 2829 ,

1086 2880 1148 2939 τὸ
1190 2886 1344 2940 πνεῖν
1389 2872 1456 2941 δὲ
1499 2871 1734 2941 δειπνεῖν
1751 2925 1770 2958 ,

667 3006 1041 3075 Scribatur
1086 3013 1148 3072 τὸ
1194 3019 1349 3072 πνεῖν
1394 3004 1460 3073 δὲ
1504 3014 1589 3096 μὴ
1634 3019 1809 3073 πνεῖν.

1705 3175 1779 3234 Χ.

660 3332 881 3400 Thuc.
931 3331 1082 3400 Lib.
1122 3333 1152 3400 I
1200 3333 1364 3422 Cap.
1414 3333 1510 3402 ΙΙΙ
1558 3334 1632 3401 1;
1681 3331 1864 3403 Δηλοῖ
1907 3328 1974 3397 δέ
2017 3357 2112 3432 μοι
2155 3338 2253 3396 καὶ
2297 3328 2425 3397 τόδε
2472 3342 2582 3397 τῶν
2649 3330 2910 3396 παλαιῶν

573 3466 865 3529 α’σθὲνειοιν
910 3470 1022 3550 οὐχ
1070 3470 1301 3535 ἥκιστα·
1350 3472 1459 3557 πρὸ
1502 3474 1618 3557 γάρ
1664 3476 1779 3531 τῶν
1824 3467 2101 3556 Τρωικῶν
2144 3461 2307 3530 οὐδὲν
2348 3472 2602 3554 φαίνεται
2644 3469 2911 3554 πρότερον

572 3607 727 3684 κοινῇ
788 3600 1157 3685 ἐργασαμένη
1227 3602 1265 3666 ἡ
1324 3596 1539 3673 Ἑλλάς
1562 3650 1579 3683 ,
1642 3594 1797 3662 δοκεῖ
1852 3593 1919 3662 δὲ.
1979 3622 2075 3684 μοι
2091 3650 2109 3683 ‚
2170 3593 2302 3662 οὐδὲ
2346 3598 2589 3686 τοῦνομα
2631 3596 2911 3687 ξὺμπασοέ

575 3753 665 3792 πω
727 3729 877 3815 εἶχεν
895 3781 913 3814 ‚
976 3727 1133 3792 α’λλοὶ
1191 3736 1268 3794 τοὶ
1326 3734 1429 3816 μὲν
1490 3735 1598 3820 πρὸ
1659 3728 1940 3805 Έλληνες
1999 3737 2100 3795 τοῦ
2165 3729 2560 3806 Δευκαλίωνος
2621 3739 2719 3795 καί
2760 3737 2911 3795 πάνυ

573 3856 703 3925 οὐδὲ
764 3860 901 3924 εἷναι
960 3866 999 3930 ἠ
1064 3858 1354 3936 ἐπίκλησις
1400 3863 1551 3931 αὕτη
1569 3910 1586 3943 ,
1633 3871 1787 3926 κατα
1833 3862 1959 3931 ἔθνη
2003 3858 2070 3927 δὲ
2112 3860 2269 3926 ἄλλα
2312 3886 2373 3928 τε
2417 3865 2515 3927 καὶ
2559 3870 2623 3930 τὸ
2667 3862 2910 3928 Πελασ-

572 3998 729 4081 γικὸν
780 3993 870 4056 ἐπὶ
915 3990 1175 4057 πλεῖστον
1220 3997 1315 4083 ἀφ’
1361 3996 1581 4057 ἑαυτῶν
1628 3999 1732 4062 τήν
1782 3997 2105 4081 ἐπωνυμίαν
2151 3995 2529 4084 παρέχεσθαι.

665 4123 1037 4194 Scribatur
1082 4146 1246 4194 cum
1294 4125 1583 4193 Reiskio
1628 4126 1780 4210 ἔχειν
1826 4146 1956 4215 pro
2002 4125 2173 4212 εἶχεν.

1689 4320 1794 4379 XI.

670 4476 888 4545 Thuc.
938 4476 1090 4556 Lib.
1141 4478 1172 4545 I
1221 4477 1387 4566 Cap.
1435 4478 1530 4546 III
1578 4477 1655 4546 4:
1707 4484 1761 4563 ⁵oi
1804 4474 1857 4543 δ’
1901 4476 1997 4542 οὖν
2040 4483 2117 4555 ὡς
2159 4482 2395 4543 ἔκαστοι
2436 4475 2715 4555 Ἕλληνες
2759 4486 2913 4541 κατὰ

579 4605 763 4682 πόλεις
822 4632 881 4673 τε
943 4611 1062 4673 ὅσοι
1122 4608 1392 4679 α’λλήλων
1454 4606 1715 4686 ξυνίεσαν
1777 4619 1870 4673 καὶ
1933 4609 2249 4698 ξύμπαντες
2317 4595 2550 4700 ὕστερον
2617 4609 2912 4685 κληθέντες
