3484 5609
1632 526 1722 594 47

516 720 665 789 solo
704 720 1176 789 coniunctivo.
1225 720 1425 789 Duae
1465 721 1737 810 priores
1763 721 2301 792 coniunctiones
2326 722 2844 812 significatione

515 852 710 922 finali
779 859 1298 923 construuntur
1362 856 1815 924 coniunctivo
1885 875 2048 925 cum
2117 860 2224 945 ἄν,
2290 864 2416 925 aut
2475 856 2843 926 indicativi

515 987 773 1056 futuro,
824 987 978 1055 Vid.
1029 1006 1180 1076 cap.
1229 987 1293 1055 ΙΙ
1339 987 1376 1077 §
1421 987 1484 1057 3.
1531 989 1594 1056 4.
1648 988 1953 1094 xNullum
2001 988 2193 1057 aliud
2242 989 2625 1059 discrimen
2675 1011 2841 1081 cog·

513 1122 678 1189 novi
745 1122 934 1190 inter
994 1128 1373 1210 utramque
1442 1123 2089 1207 constructionem,
2159 1141 2373 1212 quam
2439 1123 2628 1212 quod
2691 1126 2841 1198 ὅπως

513 1277 675 1325 cum
738 1256 865 1324 fut.
912 1254 1058 1324 ind.
1127 1255 1544 1345 plerumque
1606 1256 1871 1345 pendet
1931 1275 1973 1324 a
2020 1255 2239 1325 verbo
2286 1257 2607 1325 curandi.
2678 1257 2836 1325 Vid.

511 1389 687 1457 Ran.
733 1409 836 1456 vs.
884 1387 1097 1456 1520:

1123 1579 1378 1663 μέμνησο
1421 1571 1630 1652 δ’ὅπως
1674 1579 1702 1640 ὃ
1748 1583 2062 1669 πανοῦργος
2097 1581 2249 1666 ἀνὴρ

1125 1716 1226 1773 καὶ
1269 1705 1611 1801 ψευδολόγος
1656 1719 1754 1774 καὶ
1797 1707 2136 1798 βωμολόχος

1120 1837 1398 1930 μηδέποτ’
1446 1847 1501 1918 ἐς
1543 1850 1636 1908 τὸν
1680 1844 1852 1907 θᾶκον
1896 1849 1990 1908 τὸν
2035 1847 2165 1931 ἐμὸν

1120 1972 1261 2064 μηδ’
1308 1979 1466 2040 ἄκων
1510 1972 1918 2067 ἐγκαθεδεῖται.

595 2192 694 2260 Cf.
744 2191 932 2259 Eccl.
981 2210 1081 2258 vs,
1129 2188 1254 2257 82:

922 2386 1055 2452 ἀλλ’
1102 2387 1261 2477 ἄγεθ’
1308 2388 1459 2460 ὅπως
1502 2393 1600 2450 καὶ
1643 2392 1783 2451 τοέπὶ
1828 2391 2032 2462 τούτοις
2071 2381 2358 2477 δράσομεν
2378 2437 2395 2465 ,

502 2601 619 2669 Sic
682 2601 994 2669 secunda
1057 2620 1359 2689 persona
1403 2601 1627 2669 futuri
1674 2600 1764 2668 ab
1809 2601 2229 2689 imperativo
2275 2600 2471 2668 verbi
2519 2600 2824 2669 curandi

406 2705 416 2714 ⁸
502 2734 816 2823 pendens
861 2733 1240 2802 adhibetur
1285 2734 1440 2802 loco
1487 2734 1887 2824 imperativi
1951 2733 2133 2802 Nub.
2183 2753 2281 2802 vs.
2330 2732 2546 2801 1107:

1237 2935 1332 2995 καὶ
1375 2930 1623 3018 μέμνησ’
1672 2932 1826 3004 ὅπως

1236 3061 1299 3127 εὖ
1342 3088 1434 3151 μοι
1478 3067 1789 3150 στομώσεις
1831 3065 2001 3127 αὐτὸν
2023 3115 2041 3149 ,

498 3259 641 3328 Sed
702 3266 853 3327 tum
916 3259 1377 3348 imperativus
1440 3258 1860 3347 plerumque
1921 3258 2310 3341 omittitur,
2378 3259 2480 3326 ita
2542 3263 2623 3326 ut
2669 3261 2819 3334 ὅπως

497 3413 660 3461 cum
724 3392 1036 3461 secunda
1100 3411 1404 3481 persona
1437 3391 1672 3460 ,futuri
1718 3391 2086 3460 indicativi
2134 3411 2345 3481 saepe
2392 3391 2817 3460 adhibeatur

495 3526 652 3595 loco
711 3526 1130 3616 imperativi.
1175 3524 1330 3593 Ἀν.
1380 3545 1477 3593 νε.
1525 3524 1693 3609 131,
1739 3524 1956 3608 1333,
2009 3524 2215 3609 1494,
2264 3522 2446 3592 Nub.
2497 3543 2597 3591 vs.
2644 3522 2819 3608 824,

493 3657 661 3748 257,
723 3677 935 3747 quam
998 3658 1091 3728 ob
1152 3678 1302 3727 rem
1366 3635 1717 3747 Scaliger,
1781 3657 1957 3725 Ran.
2024 3679 2123 3726 vs.
2171 3655 2341 3741 377,
2383 3655 2599 3743 χῶτὲως
2646 3661 2817 3746 αἴρεις

493 3793 604 3860 vel
650 3797 813 3884 αἵρῃς
858 3794 930 3860 in
978 3794 1187 3879 χῶπως
1231 3798 1383 3883 αἱρεῖς
1432 3791 1752 3859 mutavit.

583 3926 658 3995 Si
702 3930 848 4002 ὅπως
893 3927 1334 3995 construitur
1382 3947 1543 3994 cum
1570 3925 2023 3993 coniunctivo
2049 3923 2238 4013 apud
2263 3924 2813 4012 Aristophanem

496 4061 706 4130 habet
773 4065 846 4125 ἄν
914 4059 1041 4128 Av.
1108 4080 1206 4128 vs.
1274 4059 1481 4142 1457,
1544 4058 1727 4127 Nub.
1793 4078 1893 4126 vs.
1941 4056 2108 4141 938,
2155 4057 2350 4125 1461.
2416 4056 2553 4124 Sed
2606 4056 2811 4145 Vesp.

495 4214 591 4262 vs,
665 4194 880 4280 1528,
943 4192 1070 4261 Av.
1135 4213 1237 4261 vs.
1292 4191 1471 4260 1240
1539 4199 1608 4260 et
1676 4191 1857 4260 1242
1929 4193 2077 4265 ὅπως
2143 4192 2584 4260 construitur
2651 4211 2812 4258 cum

490 4329 944 4398 coniunctivo
1015 4328 1169 4396 sine
1237 4345 1319 4392 ἄν.
1398 4326 1685 4395 Duobus
1756 4326 2270 4416 posterioribus
2345 4326 2517 4395 locis
2573 4331 2809 4394 tamen

489 4465 634 4537 ὅπως
672 4470 758 4551 μή
783 4517 798 4531 .
828 4513 842 4528 .
871 4516 886 4531 .
916 4513 931 4529 .
994 4461 1463 4552 ἀναστρέψῃ...
1492 4514 1507 4529 .
1557 4460 1971 4550 καταιθαλώσῃ
2020 4460 2412 4528 secundum
2461 4460 2805 4527 Kockium

491 4599 561 4665 in
610 4601 757 4668 ὅπως
804 4603 888 4684 μή
913 4648 929 4661 .
959 4652 972 4664 .
1002 4648 1016 4660 .
1046 4647 1060 4660 .
1108 4595 1490 4686 ἀναστρέψει.
1521 4650 1534 4662 .
1565 4646 1580 4659 .
1609 4645 1624 4659 .
1674 4594 2095 4659 καταιθαλώσει
2143 4594 2401 4662 mutari
2450 4599 2703 4682 potest.
