3484 5609
1539 562 1643 654 61,

428 779 677 861 habet3
748 779 833 847 cf.
896 778 1020 868 Eq.
1095 801 1191 848 vs.
1263 780 1431 863 801,
1481 780 1601 848 ubi
1649 801 1792 847 aor.
1844 778 1990 870 άρξῃ
2039 780 2344 848 eundem
2394 780 2628 848 locum
2676 779 2749 848 in

428 914 777 981 sententia
857 922 1186 1001 occupat,
1258 934 1468 1001 quem
1536 914 1936 1003 praesentia
2012 917 2317 1004 ἁρπάζῃς,
2394 908 2750 1004 δωροδοκῇς,

427 1049 639 1136 καθορᾷ
701 1053 770 1113 et
831 1046 1047 1113 etiam
1110 1047 1501 1134 perfectum
1559 1068 1722 1115 cum
1786 1046 2304 1135 significatione
2353 1047 2749 1136 praesentis

424 1187 654 1268 κεχήνῃ.
705 1179 950 1269 Neque
1000 1180 1234 1247 minus
1277 1180 1482 1268 Vesp.
1535 1199 1633 1248 vs.
1673 1178 1808 1247 558
1847 1187 2026 1269 part.
2070 1198 2213 1247 aor.
2240 1176 2420 1268 ἄρξας
2446 1180 2750 1248 eundem

426 1314 655 1381 locum
702 1313 774 1380 in
839 1313 1191 1381 sententia
1247 1320 1583 1401 occupat,
1647 1333 1860 1402 quem
1912 1320 2088 1401 part.
2142 1333 2365 1401 praes.
2414 1317 2748 1404 ἀγοράζων,

424 1433 662 1535 itaque
725 1449 1119 1536 praesentis
1187 1448 1526 1535 temporis
1575 1447 2091 1536 significatione
2139 1446 2537 1515 adhibetur.
2648 1447 2750 1514 Ex

427 1582 687 1671 quibus
779 1582 950 1649 locis
1041 1587 1235 1669 patet
1326 1584 1524 1671 ἄρχειν
1615 1581 1732 1648 hic
1825 1580 2084 1648 babere
2161 1581 2749 1670 significationem

424 1705 897 1785 indohativam
962 1737 1231 1805 reqnum
1291 1717 1609 1803 accipere,
1681 1716 1924 1803 itaque
1994 1716 2456 1803 praeteritum
2531 1714 2749 1803 sigui-

425 1851 823 1919 ficationem
900 1849 1287 1938 praesentis
1360 1869 1648 1937 reynare.
1721 1847 1903 1916 Plut.
1982 1868 2077 1916 vs.
2119 1846 2253 1914 494
2291 1848 2532 1917 ἧν....
2559 1846 2752 1935 βλέψῃ

425 1983 808 2073 significat:
872 1985 931 2050 si
990 2004 1194 2050 actem
1256 1982 1582 2070 aooepem‘t.
1655 1980 1825 2049 Ibid.
1899 1979 2035 2074 505
2099 1978 2331 2065 βλέπειν
2400 1980 2754 2069 significat

423 2118 652 2202 videre,
720 2117 781 2184 si
845 2116 1107 2204 legitur
1169 2120 1381 2184 ταύτην
1440 2112 1699 2201 βλέψας,
1770 2115 1975 2182 aciem
2042 2115 2326 2202 accipere
2387 2122 2642 2199 autem,
2691 2115 2751 2181 si

427 2249 690 2339 legitur
736 2254 893 2312 ταῦτ’
938 2250 1008 2317 ἦν
1052 2246 1264 2337 βλέψῃ.

510 2384 722 2471 Vesp.
840 2403 938 2449 vs.
1035 2380 1166 2449 715
1257 2400 1399 2448 aor.
1493 2374 1730 2444 δείσωσι
1819 2379 2426 2469 'significationem
2534 2378 2754 2449 futuri

430 2517 768 2605 temporis
838 2510 1068 2582 babet.
1143 2513 1242 2582 Cf.
1318 2514 1475 2601 Lys.
1549 2534 1647 2580 vs.
1717 2511 1851 2580 437
1920 2506 2141 2586 ἔδεισας
2203 2510 2392 2596 οὖτος;
2458 2532 2557 2578 vs.
2620 2509 2752 2578 8⁶22

431 2647 625 2715 ἔδεισά
706 2673 772 2739 γε
841 2647 1100 2737 quibus
1170 2647 1451 2714 aoristis
1524 2648 1919 2735 praesentis
1989 2646 2327 2734 temporis
2399 2643 2751 2733 significa-

432 2786 521 2851 tio
573 2788 704 2850 est.

514 2914 1153 2984 Animadversione
1202 2913 1458 3002 dignus
1505 2918 1615 2980 est
1661 2912 1861 2980 locus
1910 2911 2036 2980 Av.
2088 2932 2186 2979 vs.
2236 2909 2447 2979 1622:

956 3183 1089 3246 ὅταν
1135 3176 1441 3271 διαριθμῶν
1485 3175 1808 3273 ἀργυρίδων
1852 3184 2007 3269 τύχῃ

952 3319 1240 3406 ἅνθρωπος
1287 3315 1447 3390 οὗτος
1492 3317 1530 3384 ἢ
1574 3318 1820 3384 καθῆται
1865 3314 2120 3402 λούμενος

958 3453 1381 3536 καταπτόμενος
1426 3450 1659 3529 ἰκτῖνος,
1706 3455 1980 3538 ἀρπάσας
2022 3446 2211 3539 λάθρᾳ

959 3579 1265 3672 προβάτοιν
1311 3578 1467 3646 δυοῖν
1511 3588 1678 3670 τιμὴν
1723 3589 1932 3647 ἀνοίσει
1975 3592 2057 3670 τῷ
2101 3584 2225 3671 θεῷ.

520 3853 656 3923 Ubi
726 3858 879 3942 τύχῃ
925 3872 1083 3925 ,ῃοῐι
1147 3852 1219 3919 in
1285 3857 1555 3940 τυγχάνῃ
1617 3851 1882 3919 mutari
1929 3857 2200 3940 potest,
2270 3851 2436 3939 quia
2484 3850 2751 3940 syllaba

431 3988 640 4058 tertia
714 3985 1034 4055 vocabuli
1097 3980 1424 4076 άργυρίδιον
1471 3985 1923 4073 producitur,
1973 3986 2158 4053 sicut
2202 3985 2379 4053 Ran.
2429 4005 2529 4053 vs.
2574 3983 2745 4053 1301

431 4116 757 4211 πορνιδίων,
831 4119 1012 4189 Nub.
1088 4141 1188 4188 vs.
1257 4118 1347 4187 92
1413 4114 1702 4207 τῴκίδιον,
1767 4118 1900 4186 746
1954 4113 2369 4209 Σωκρατίδιον,
2419 4119 2602 4187 Plut.
2651 4138 2750 4185 vs.

434 4254 564 4323 985
607 4248 899 4342 ἱματίδιον.
970 4252 1302 4322 Attamen
1350 4248 1662 4344 διαριθμῶν
1707 4258 1899 4341 τύχῃ,
1963 4253 2082 4321 ita·
2111 4259 2190 4320 ut
2234 4254 2512 4338 καθῆται,
2561 4252 2750 4340 quod

433 4394 732 4478 occupat
801 4387 1102 4456 eundem
1166 4386 1400 4455 locum
1463 4388 1537 4454 in
1603 4387 1992 4471 sententia,
2063 4387 2466 4454 necessario
2531 4387 2751 4455 actio-

432 4541 588 4589 nem
659 4521 978 4589 eiusdem
1056 4521 1390 4610 temporis
1460 4539 1542 4587 ac
1601 4525 1808 4583 άνάσει
1868 4517 2240 4608 significat.
2321 4518 2514 4600 Quae
2585 4540 2752 4588 cou-

435 4656 730 4723 structio
778 4653 1293 4743 significatione
1334 4653 1532 4722 verbi
1571 4660 1879 4745 τυγχάνειν
1916 4653 2130 4742 positi
2169 4673 2332 4721 eum
2372 4653 2752 4746 Participio
