3484 5609
1648 553 1739 620 95

511 766 675 815 raro
743 746 1239 816 tantummodo
1300 746 1747 815 adhibemus.
1818 746 2250 836 Plerumque
2323 748 2552 834 enim,
2620 746 2860 836 quoad

516 880 720 947 nobis
784 879 986 964 licet,
1053 878 1502 948 sermonibus
1567 880 1835 948 nostris
1904 880 2212 968 speciem
2277 879 2589 968 aliquam
2639 881 2859 948 animi

516 1011 999 1080 conciliamus.
1049 1010 1272 1111 idque
1319 1012 1574 1079 merito
1624 1010 1951 1099 quidem3
2016 1012 2190 1099 quid
2238 1009 2428 1080 enim
2479 1032 2593 1081 res
2642 1012 2861 1083 refer-

515 1164 792 1229 remuS,
864 1163 1049 1232 quae
1120 1143 1479 1233 quomodo
1546 1163 1704 1211 sese
1775 1142 2159 1229 haberent,
2231 1142 2408 1212 nihil
2457 1150 2704 1212 nostra
2751 1165 2861 1212 re-

517 1276 790 1344 serret‘?
854 1275 1000 1345 Aut
1049 1278 1109 1345 si
1157 1276 1456 1344 interest
1504 1295 1792 1363 eorum,
1863 1275 2124 1364 quibus
2166 1277 2578 1363 referimuS‚
2629 1298 2864 1346 nonne

518 1409 719 1477 decet
784 1407 1096 1498 gaudere
1157 1427 1321 1476 cum
1386 1408 1628 1495 laetis‘,
1693 1428 1858 1477 cum
1906 1409 2198 1477 moestis
2248 1408 2544 1477 dolere‘?
2614 1410 2864 1499 Itaque

517 1543 865 1612 sermonis
934 1542 1210 1635 indoles
1282 1548 1603 1610 mutatur
1673 1541 1893 1610 animi
1963 1541 2375 1628 affectione,
2470 1544 2620 1612 sive
2689 1544 2864 1613 haec

518 1694 713 1743 mera
760 1675 1148 1761 dubitatio,
1210 1676 1363 1756 sive,
1399 1695 1572 1764 ‚spes
1620 1674 1729 1743 vel
1782 1680 2053 1761 metuS,
2119 1676 2457 1764 gaudium
2505 1676 2616 1746 vel
2665 1677 2866 1745 dolor

517 1808 940 1898 appellanda
988 1813 1120 1875 est.

609 1942 716 2009 Ad
766 1942 1073 2029 cogitata
1124 1945 1369 2007 nostra
1416 1940 2008 2009 communicanda
2058 1942 2330 2011 utimur
2372 1944 2632 2033 signiS,
2682 1965 2865 2034 quae

517 2083 655 2145 aut·
704 2076 937 2144 audiri
992 2079 1117 2142 aut
1179 2074 1496 2163 conspici
1561 2074 1861 2162 possint.
1912 2074 2322 2144 Scribentes
2358 2079 2865 2149 ,tantummodo

519 2209 742 2298 signis
810 2208 1123 2293 utimur,
1193 2226 1377 2295 quae
1448 2207 2003 2295 conspiciantur.
2068 2208 2562 2297 Loquentibus
2625 2217 2861 2277 autem

415 2320 420 2324 ’
521 2341 724 2410 nobis
794 2361 937 2409 non
1007 2338 1219 2408 modo
1290 2340 1491 2428 signa
1562 2346 1850 2428 praesto
1920 2346 2126 2427 sunt,
2198 2361 2381 2430 quae
2444 2342 2865 2428 audiantur,

520 2495 764 2542 verum
831 2475 1046 2542 etiam
1079 2468 1297 2560 *quae
1345 2472 1902 2561 conspiciantur.
1954 2473 2360 2561 Loquentes
2409 2474 2598 2541 enim
2650 2475 2863 2563 gesti-

521 2607 657 2675 bus
724 2614 795 2676 et
851 2626 1025 2675 voce
1089 2606 1398 2695 cogitata
1461 2624 1625 2674 cum
1674 2604 1834 2673 aliis
1882 2606 2413 2674 communicare
2460 2625 2866 2694 possumus

521 2738 757 2829 Atque
802 2760 933 2807 vox
980 2739 1137 2828 ipsa
1184 2737 1504 2806 indicare
1552 2744 1791 2827 potest
1839 2757 1983 2805 non
2033 2738 2279 2823 modo,
2345 2758 2529 2826 quae
2576 2745 2867 2823 senten-

521 2873 664 2940 tiae
727 2891 922 2961 pam,
980 2891 1144 2940 cum
1192 2870 1647 2958 intendatur,
1711 2871 2002 2938 maximi
2050 2870 2394 2939 momenti
2441 2870 2569 2957 sit,
2619 2891 2867 2939 verum

521 2989 771 3093 etiam,
822 3024 964 3093 quo
1009 3000 1226 3073 sen'su
1273 3004 1557 3073 animus
1604 3001 1995 3090 afficiatur,
2061 3008 2306 3072 utrum
2357 3002 2723 3071 doleamus
2773 3022 2861 3071 an

522 3137 957 3227 gaudeamus
1002 3137 1127 3223 iis,
1177 3156 1360 3226 quae
1406 3135 1802 3204 referimus.
1851 3134 2040 3211 Quin
2089 3135 2343 3221 etiam,
2391 3140 2634 3204 utrum
2671 3143 2867 3205 certo

522 3270 833 3339 sciamus
903 3288 1020 3349 ea,
1091 3287 1276 3357 quae
1348 3287 1388 3336 a
1458 3267 1666 3336 nobis
1738 3274 2158 3354 narrantur,
2224 3287 2315 3335 an
2381 3267 2468 3335 de
2515 3268 2605 3336 iis
2653 3269 2867 3338 rebus

524 3404 751 3492 magis
797 3395 1124 3470 minusve
1170 3400 1617 3486 dubitemuS,
1665 3420 2184 3489 nonnunquam
2232 3419 2406 3486 voce
2451 3400 2608 3489 ipsa
2649 3402 2867 3490 signi-

525 3535 813 3624 ficatur3
879 3534 1069 3602 unde
1123 3533 1577 3622 proverbium
1646 3531 1825 3601 illud
1875 3538 2113 3601 ortum
2161 3540 2302 3619 est,
2352 3531 2495 3621 quo
2543 3536 2868 3622 quamvis

524 3669 901 3757 peregrino
961 3687 1092 3735 nos
1156 3686 1298 3733 non
1358 3685 1519 3733 raro
1568 3666 1874 3733 utimur:
1955 3664 2119 3733 G'est
2163 3667 2223 3734 le
2267 3674 2408 3748 ton,
2472 3667 2588 3756 qui
2633 3668 2755 3754 fail
2802 3667 2869 3734 la

523 3802 842 3890 musique.

614 3933 770 4010 Quo
820 3933 1045 4018 maior
1083 3937 1191 4000 est
1239 3932 1709 4019 cogitatorum
1762 3929 2179 4008 diversitas,
2228 3949 2311 3997 eo
2358 3901 2686 4019 pluribus
2729 3901 2869 4021 sig-

527 4068 638 4135 nis
685 4037 1156 4155 opus‘est-ad
1205 4084 1287 4132 ea
1335 4062 1946 4132 communicanda.
1999 4061 2155 4143 Quo
2202 4063 2429 4152 magis
2456 4063 2736 4132 exculta
2762 4070 2870 4132 est

525 4201 806 4288 lingua,
877 4218 960 4266 eo
1032 4197 1238 4286 plura
1309 4198 1511 4286 signa
1583 4193 1916 4283 pracbet3'
1979 4200 2196 4283 atque
2267 4195 2596 4285 cogitatis
2644 4196 2869 4281 dicta,

528 4334 737 4402 dictis
808 4333 1075 4420 scripta
1145 4352 1229 4399 eo
1299 4331 1523 4419 magis
1595 4350 1989 4419 congruere
2061 4302 2397 4418 possunt,
2460 4350 2602 4418 quo
2664 4330 2871 4419 plura

529 4473 697 4535 sunt
783 4463 1128 4533 vocabula
1214 4469 1284 4531 et
1356 4463 1949 4532 constructiones.
2016 4461 2192 4529 'Non
2262 4462 2480 4550 igitur
2552 4464 2870 4531 omnium

529 4597 1038 4667 vocabulorum
1130 4595 1689 4685 significationes
1782 4594 2095 4664 alterius
2192 4595 2476 4684 linguae
2577 4614 2871 4684 prorsus

2519 4823 2548 4868 ⁴
