3484 5609
1708 554 1754 621 4

559 757 801 819 votum
864 750 1253 840 significat,
1317 750 1441 817 sed
1489 770 1653 817 cum
1701 735 2169 839 particula'o'c'v
2217 752 2675 816 constructus
2731 747 2888 836 (op-

559 876 823 945 tativus
870 875 1312 965 potentialis)
1365 880 1491 943 aut
1515 873 2016 963 significationi
2044 873 2169 943 fut.
2196 872 2341 942 ind.
2368 871 2891 962 quodammodo

558 991 907 1099 congruit,
955 1015 1080 1079 aut
1125 1010 1395 1077 indicat
1441 1008 1745 1097 aliquid,
1788 1007 1978 1096 quod
2025 1006 2178 1076 fieri
2201 1007 2447 1095 possit.
2497 1004 2890 1073 Praeterito

557 1143 703 1211 ind.
766 1146 838 1207 ἄν
901 1143 1158 1211 addere
1220 1148 1456 1231 potest
1519 1141 2108 1231 significationem
2158 1139 2636 1229 repetitionis3
2689 1158 2938 1227 prae—-

558 1285 753 1344 terea
823 1296 986 1344 cum
1057 1276 1189 1343 hac
1251 1275 1599 1364 particula
1663 1281 2159 1343 constructum
2224 1274 2689 1362 praeteritum
2743 1270 2889 1339 ind.

560 1410 847 1477 omnino
893 1409 1086 1477 aliud
1130 1408 1302 1498 quid
1341 1408 1658 1477 indicare
1707 1413 1976 1495 potest,
2026 1427 2239 1496 quam
2282 1406 2491 1495 vulgo
2518 1403 2892 1495 significat.

559 1542 900 1610 Adhiberi
971 1542 1158 1610 enim
1229 1547 1465 1630 potest
1530 1542 1604 1608 in
1678 1561 1755 1608 re
1817 1561 1960 1609 non
2017 1540 2238 1628 facta,
2308 1547 2388 1609 ut
2449 1540 2683 1608 verbis
2731 1544 2895 1607 utar

563 1676 952 1743 Hermanni
1019 1676 1151 1772 (De
1200 1682 1378 1765 part.
1427 1678 1500 1738 ἄν
1547 1675 1697 1743 Lib.
1749 1676 1814 1761 I,
1866 1695 2014 1764 cap.
2062 1675 2200 1762 10).
2268 1673 2624 1743 Infinitivo
2672 1673 2892 1762 parti-

562 1809 722 1877 cula
804 1812 875 1873 ἄν
946 1809 1535 1898 significationem
1604 1810 1919 1878 tribuere
1984 1815 2221 1898 potest
2284 1815 2408 1877 aut
2476 1807 2699 1877 futuri
2771 1812 2895 1875 aut

562 1942 1061 2024 dubitationis3
1152 1943 1446 2011 diversis
1531 1943 1751 2032 igitur
1834 1942 2233 2011 rationibus
2304 1941 2893 2032 significationem

562 2083 962 2165 temporum
1020 2082 1091 2145 et
1151 2077 1522 2145 modorum
1580 2062 1784 2145 verbi
1837 2082 2072 2166 potest
2120 2083 2431 2158 mutare,
2498 2096 2675 2165 quas
2724 2075 2896 2143 rati-

561 2232 733 2279 ones
780 2211 922 2279 iam
970 2210 1500 2301 explicabimus,

1166 2550 1247 2618 A.
1344 2552 1659 2620 Modus
1709 2551 2292 2641 potentialis.

1034 2778 1074 2855 ἓ
1144 2772 1206 2839 1·.
1299 2773 1394 2841 De
1461 2773 1645 2840 modo
1704 2775 2045 2862 potentiali
2110 2776 2424 2842 universe.

653 3013 1029 3101 Optativus
1094 3014 1499 3103 potentialis
1565 3015 1751 3083 sicut
1815 3014 2134 3083 futurum
2198 3016 2566 3084 indicativi
2628 3014 2896 3105 aliquid

489 3169 492 3173 “
567 3148 953 3237 significat,
1004 3148 1193 3237 quod
1244 3157 1482 3217 mente
1532 3155 1811 3218 tantum
1840 3150 2259 3237 concipitur..

652 3281 798 3350 Aut
845 3289 1040 3350 certo
1086 3281 1439 3352 affirmare
1482 3302 1863 3372 possumus
1911 3283 2021 3368 id,
2087 3285 2274 3373 quod
2325 3285 2526 3353 nobis
2576 3259 2896 3353 futurum

565 3435 720 3482 esse
769 3414 1080 3498 videtur,
1130 3422 1202 3484 et
1249 3399 1569 3485 futurum
1615 3416 1982 3485 indicativi
2030 3417 2487 3505 adhibemuS,
2561 3424 2686 3486 aut
2732 3438 2894 3487 cum

565 3548 804 3639 aliqua
890 3549 1333 3618 dubitatione
1419 3550 1825 3639 praedicere
1898 3571 2315 3640 possumuS‚
2388 3550 2513 3619 ubi
2584 3553 2896 3640 optativo

568 3682 938 3770 potentiali
993 3682 1192 3752 locus
1242 3690 1369 3752 est.
1434 3683 1637 3760 Quod
1694 3684 1890 3753 nulla
1933 3685 2375 3753 dubitatione
2424 3684 2894 3774 praedicitur,

566 3836 709 3885 uno
781 3822 1058 3886 tantum
1131 3817 1520 3907 eodemque
1583 3819 1792 3886 modo
1854 3818 2170 3908 intellegi
2235 3826 2504 3909 potest3
2554 3820 2615 3887 si
2658 3826 2895 3888 autem

568 3951 786 4021 semel
860 3951 1169 4020 admissa
1239 3959 1349 4021 est
1420 3952 1806 4038 dubitatio,
1878 3959 2032 4022 tum
2104 3953 2570 4023 dubitationis
2642 3955 2898 4044 gradus

569 4091 693 4155 aut
738 4106 978 4156 rerum
1027 4087 1677 4176 vocabulorumque
1725 4094 2061 4157 contextu
2107 4089 2409 4158 indicari
2455 4095 2727 4179 potest,
2776 4094 2899 4158 aut
2958 4118 2961 4121 ⁴

568 4218 764 4288 nullo
814 4226 1009 4289 certo
1055 4221 1318 4289 indicio
1368 4222 1755 4290 terminari.
1809 4220 2043 4302 Quare
2090 4228 2287 4311 patet
2332 4224 2459 4292 fut.
2498 4223 2643 4291 ind.
2689 4221 2897 4312 vulgo

570 4373 786 4423 unam
834 4354 1274 4443 eandemque
1324 4354 1915 4444 significationem
1961 4355 2257 4443 habere,
2309 4356 2704 4445 optativum
2732 4378 2898 4425 vero

570 4471 1029 4577 potentialem
1074 4494 1198 4557 aut
1244 4460 1484 4557 futuro
1531 4488 1678 4557 ind.
1729 4508 2122 4577 congruere
2170 4495 2295 4558 aut
2341 4489 2430 4558 ab
2471 4510 2554 4558 eo
2579 4489 2896 4573 differre,

569 4629 781 4709 prout
827 4623 1178 4690 sententia
1225 4622 1559 4710 postulat.
