3484 5609
1718 553 1812 621 96

591 750 1025 818 conveniunt
1094 767 1257 818 cum
1323 747 1688 816 vocabulis
1759 747 2084 837 linguae,
2148 766 2291 836 qua
2359 747 2744 832 vertimus,
2813 747 2931 815 sed

591 899 1101 971 nonnunquam
1205 899 1323 961 ea,
1419 879 1684 969 quibus
1770 880 2082 965 utimur,
2199 878 2544 948 vocabula
2636 878 2928 947 alterius

590 1014 910 1103 linguae,
971 1012 1502 1102 quodammodo
1571 1018 1853 1080 tantum
1924 1012 2325 1101 comparari
2396 1019 2695 1101 possunt
2773 1031 2931 1079 cum

592 1144 957 1214 vocabulis
1005 1147 1077 1214 in
1126 1144 1349 1214 altera
1398 1145 1639 1234 lingua
1685 1144 2029 1213 adhibitis
2075 1144 2164 1212 ad
2213 1144 2497 1213 easdem
2540 1145 2929 1213 sententias

590 1277 1110 1369 significandas.
1196 1277 1446 1366 Itaque
1532 1277 1884 1365 particula
1961 1279 2034 1340 ἄν
2104 1295 2317 1365 saepe
2386 1296 2621 1366 neque
2691 1282 2932 1344 nostra

591 1430 825 1499 neque
871 1410 1094 1478 latina
1141 1411 1384 1500 lingua
1431 1410 1577 1477 ullo
1625 1410 1838 1477 modo
1883 1410 2023 1478 nisi
2070 1409 2311 1478 sonitu
2359 1415 2428 1476 et
2472 1409 2666 1477 vocis
2701 1410 2928 1476 inten-

595 1544 787 1612 tione
833 1544 1081 1612 referri
1127 1549 1402 1632 potest,
1466 1543 1635 1631 quia
1683 1542 2042 1632 loquentis
2090 1541 2240 1611 sive
2286 1541 2668 1610 scribentis
2716 1541 2930 1609 animi

591 1675 1034 1746 affectionem
1083 1675 1173 1744 ad
1222 1694 1306 1744 ea
1352 1694 1540 1764 quae
1584 1676 1804 1744 refert
1849 1674 2142 1743 indicat.
2192 1674 2271 1742 E.
2321 1695 2384 1763 g.

677 1807 775 1876 1⁰.
868 1807 943 1876 Si
1014 1809 1177 1897 quis
1242 1808 1663 1910 simpliciter
1723 1808 1975 1888 refert,
2046 1825 2231 1897 quae
2278 1806 2423 1874 sint
2470 1806 2578 1874 vel
2630 1806 2931 1892 ruerint,

590 1942 739 2008 sive
809 1939 1139 2009 sensibus
1211 1941 1567 2029 percepit,
1633 1940 1784 2008 sive
1844 1940 2083 2008 animo
2147 1938 2645 2009 tantummodo
2694 1938 2931 2024 finxit,

591 2074 974 2142 dummodo
1056 2081 1254 2142 certo
1341 2074 1699 2142 affirmare
1778 2078 1850 2141 et
1919 2079 2254 2141 accurate
2324 2091 2661 2140 enarrare
2727 2067 2933 2157 velit,

590 2208 820 2277 utitur
879 2207 952 2274 in
1018 2206 1340 2275 oratione
1404 2212 1598 2274 recta
1644 2212 1771 2274 aut
1819 2205 2176 2295 praesenti
2222 2211 2347 2273 aut
2397 2204 2781 2293 praeterito
2823 2203 2932 2271 in-

590 2339 904 2409 dicativi.
995 2338 1261 2407 Eodem
1343 2337 1553 2406 modo
1624 2338 1867 2406 futuro
1933 2337 2305 2406 indicativi
2373 2337 2681 2423 indicat,
2750 2355 2933 2425 quae

591 2474 830 2541 futura
916 2490 1075 2541 esse
1143 2470 1501 2539 affirmare
1570 2469 1760 2538 velit.
1834 2470 1960 2538 Sin
2033 2470 2437 2559 praesentia
2506 2475 2589 2537 ut
2661 2487 2928 2537 meram

590 2605 849 2673 mentis
897 2603 1293 2690 fictionem,
1343 2603 1585 2671 futura
1632 2623 1797 2672 cum
1848 2602 2294 2672 dubitatione
2335 2603 2643 2692 quadam
2669 2601 2934 2670 referre

588 2737 778 2824 vult,
842 2737 915 2804 in
981 2735 1301 2804 oratione
1366 2741 1563 2804 recta
1626 2736 1838 2825 vulgo
1901 2736 2131 2805 utitur
2177 2735 2493 2824 optativo
2541 2732 2931 2823 potentiali.

587 2870 744 2939 vid.
809 2868 977 2957 Cap.
1040 2868 1092 2935 Ι.
1142 2868 1225 2936 A.
1320 2867 1514 2950 Quas
1562 2874 1803 2937 autem
1853 2868 2414 2959 significationes
2460 2867 2814 2957 particula
2858 2869 2930 2930 ἄν

588 3001 971 3091 praeterito
1024 3000 1393 3069 indicativi
1442 3001 1784 3090 praebere
1830 3003 2093 3091 possit,
2161 3001 2328 3090 Cap.
2376 3002 2429 3071 Ι.
2476 3001 2533 3070 Β
2582 2969 2934 3090 explicare

587 3139 889 3203 conatus
952 3152 1113 3201 sum
1136 3185 1155 3218 ,
1214 3131 1340 3200 ubi
1401 3131 1439 3221 ξ
1495 3132 1533 3201 1
1586 3140 1657 3203 et
1697 3132 1735 3222 ξ
1782 3133 1828 3201 2
1874 3133 1964 3202 de
2011 3136 2398 3223 praeterito
2445 3135 2635 3202 modi
2683 3139 2932 3222 poten-

587 3266 779 3335 tialis
826 3265 976 3353 egi,
1023 3271 1241 3353 atque
1289 3270 1330 3347 ξ
1377 3264 1424 3334 3
1470 3265 1559 3333 de
1608 3267 1996 3354 praeterito
2042 3287 2205 3336 cum
2252 3270 2361 3354 ἄν,
2412 3266 2605 3357 quod
2630 3265 2933 3347 indicet,

587 3398 761 3487 quid
845 3416 989 3465 non
1074 3396 1293 3465 semel
1386 3404 1512 3467 aut
1599 3418 1882 3487 semper
1968 3419 2202 3488 neque
2284 3401 2502 3468 certis
2587 3398 2932 3487 temporis

588 3530 998 3614 momentis,
1075 3528 1201 3597 sed
1266 3530 1835 3620 quotiescunque
1897 3532 2289 3601 conditioni
2345 3531 2627 3601 cuidam
2679 3532 2772 3599 sit
2820 3550 2932 3598 sa-

587 3662 988 3741 tisfactum,
1048 3660 1438 3731 identidem
1488 3663 1848 3733 acciderit.

675 3793 775 3861 20.
825 3792 1239 3861 Sententiae
1289 3793 1362 3861 in
1412 3796 1733 3889 oratione
1781 3796 2067 3885 obliqua
2108 3796 2293 3866 hanc
2335 3797 2621 3865 illamve
2656 3803 2933 3886 partem

588 3926 886 3995 alterius
932 3924 1331 3994 sententiae
1376 3933 1501 3995 aut
1549 3927 1900 3997 definiunt
1946 3935 2072 3998 aut
2131 3929 2521 4019 explicant„
2559 3930 2640 3997 In
2668 3929 2933 4019 quibus

590 4057 967 4126 sententiis
1046 4061 1124 4124 ut
1193 4056 1337 4125 vim
1404 4059 1797 4147 particulae
1865 4063 1939 4124 ἄν
2008 4061 2464 4151 colligamuS,
2537 4062 2933 4131 sententias

588 4186 924 4254 relativas
945 4239 963 4272 ,
1012 4188 1438 4276 temporales
1486 4195 1557 4258 et
1608 4191 2126 4262 conditionales
2172 4194 2617 4281 intueamur,
2665 4195 2931 4284 quippe

592 4335 779 4404 quae
804 4336 1194 4405 suspensae
1218 4317 1307 4386 ab
1333 4319 1556 4389 altera
1590 4324 1946 4391 sententia
1965 4377 1983 4410 ,
2032 4325 2238 4393 cuius
2265 4324 2562 4393 verbum
2591 4345 2930 4415 praesen-

591 4448 685 4515 tis
733 4448 843 4515 vel
893 4448 1114 4517 futuri
1157 4453 1496 4539 temporis
1538 4455 1888 4523 actionem
1917 4457 2066 4524 sive
2090 4462 2356 4525 statum
2385 4457 2778 4546 significat,
2805 4465 2935 4527 aut

591 4598 755 4646 cum
802 4579 1185 4648 indicativo
1230 4588 1355 4650 aut
1401 4603 1565 4652 cum
1613 4587 2069 4656 coniunctivo
2108 4609 2272 4657 cum
2296 4591 2368 4652 ἄν
2394 4595 2932 4660 construantur.
