3484 5609
1418 1688 2252 1764 PROOEMIUM.

743 2384 848 2451 De
910 2404 1049 2452 usu
1095 2382 1603 2472 particularum
1649 2384 1726 2450 in
1774 2382 2019 2471 lingua
2067 2382 2378 2471 Graeca,
2428 2404 2675 2453 earum
2725 2386 2993 2476 signifi-

657 2519 933 2588 catione
994 2523 1065 2586 et
1128 2518 1659 2586 constructione
1723 2519 1859 2585 viri
1924 2517 2114 2586 docti
2161 2518 2687 2607 inquisiverunt
2734 2526 2859 2590 aut
2907 2521 2994 2590 de

651 2653 1007 2722 industria
1075 2657 1201 2720 aut
1270 2652 1359 2719 ad
1431 2651 1750 2741 singulos
1820 2657 2196 2726 auctorum
2259 2652 2452 2721 locos
2516 2654 2991 2744 explicandos,

741 2788 944 2855 Inter
1006 2805 1126 2854 eos
1173 2784 1604 2855 Godofridus
1651 2785 2103 2856 Hermannus
2148 2785 2412 2855 librum
2462 2790 2859 2877 composuit
2905 2789 2995 2857 ad

655 2921 1078 3011 particulam
1157 2923 1228 2984 ἄν
1295 2919 1810 3009 explicandam.
1880 2921 1950 2989 Is
2020 2926 2258 2989 autem
2330 2920 2503 2989 dicit
2573 2941 2649 2990 se
2712 2921 2800 2991 de
2861 2922 2994 2991 hac

657 3054 1004 3144 particula
1084 3055 1458 3144 scripsisse
1544 3074 1627 3123 ea
1713 3059 1988 3139 mente,
2077 3059 2157 3123 ut
2236 3055 2462 3144 magis
2533 3054 2995 3125 fundamenta

649 3189 881 3257 iacere
959 3188 1361 3275 doctrinae,
1433 3207 1574 3277 qua
1643 3188 1857 3256 huius
1921 3187 2102 3255 ratio
2151 3186 2541 3275 particulae
2590 3189 2991 3258 continere-

653 3327 808 3409 tur,
889 3342 1103 3412 quam
1142 3323 1440 3408 -omnia,
1521 3341 1704 3411 quae
1775 3320 2218 3410 explananda
2289 3341 2445 3390 esse
2512 3321 2993 3413 intellegeret,

652 3462 984 3525 accurate
1040 3462 1479 3545 pertractare
1526 3454 1664 3523 sihi
1713 3455 2185 3544 preposuerit.
2238 3453 2467 3535 Quam
2514 3455 2603 3524 ob
2653 3476 2801 3524 rem
2849 3431 2992 3525 non

650 3591 934 3660 inanem
997 3590 1313 3659 lahorem
1361 3590 1511 3658 fore
1557 3590 1838 3678 putavi,
1904 3594 2067 3677 post
2113 3589 2267 3657 eius
2315 3589 2760 3679 aliorumque
2806 3591 2993 3658 viro-

652 3744 813 3792 rum
861 3723 1728 3809 doctissimorumcuras,
1774 3741 1856 3790 ea
1898 3742 2081 3811 quae
2127 3723 2218 3790 ad
2258 3722 2806 3812 Aristophanem
2833 3744 2990 3814 per-

652 3859 965 3927 tinerent
1027 3857 1115 3925 de
1174 3858 1453 3945 integro
1503 3857 1936 3946 disquirere3
2001 3857 2243 3946 itaque
2290 3856 2484 3925 locos
2534 3856 2819 3947 collegi,
2869 3859 2993 3947 qui

652 3991 863 4077 mihi,
950 3990 1315 4059 Comicum
1398 3991 1602 4060 illum
1674 3991 1765 4059 ad
1833 3990 1971 4059 hoc
2039 3992 2482 4080 propositum
2546 3990 2843 4081 legenti,
2918 4012 2994 4058 se

653 4124 1090 4193 obtulerunt.

739 4260 867 4328 His
936 4259 1112 4329 locis
1185 4259 1540 4345 collectis,
1608 4259 1972 4349 dispositis
1996 4312 2013 4344 ,
2095 4259 2584 4347 pertractatis,
2671 4258 2989 4328 libellum

651 4395 1054 4483 composui,
1144 4393 1334 4483 quod
1423 4394 1786 4483 specimen
1871 4395 1966 4461 sit
2037 4391 2439 4461 studiorum
2510 4412 2828 4461 meorum
2902 4393 2990 4460 ad

651 4547 966 4596 summos
1011 4529 1085 4595 in
1134 4527 1391 4595 litteris
1441 4525 1986 4616 consequendos
2027 4526 2353 4594 honores.

742 4661 915 4729 Cum
965 4662 1186 4750 igitur
1233 4662 1318 4728 ad
1370 4661 1583 4728 finem
1636 4675 1925 4749 pergam
1977 4659 2377 4728 studiorum
2426 4660 2988 4727 academicorum

2787 4772 2810 4818 1
