3484 5609
1711 544 1805 612 82

672 738 847 808 Ach.
921 760 1020 807 νε.
1075 740 1248 807 64οε

795 875 982 962 εὕρετο
1047 884 1167 936 πᾶν
1232 889 1294 935 ειν
1353 867 1452 936 διά
1510 881 1618 946 τάς
1661 870 1951 962 λιπαράς,
1998 877 2196 962 ἀφύων
2242 878 2413 959 τιμὴν
2458 874 2784 963 περιάψας..

585 1005 688 1074 Cf.
775 1006 985 1095 Vesp.
1067 1026 1166 1074 vs.
1237 1003 1370 1074 347
1439 1017 1556 1069 πᾶν
1623 1025 1686 1068 εν
1752 1005 1868 1084 (of.
1940 1006 2116 1074 Rau.
2188 1026 2291 1075 vs.
2336 1004 2516 1074 1022
2570 1018 2686 1081 πᾶς
2730 1013 2840 1087 ἄν).

672 1139 883 1227 Voep.
931 1159 1030 1206 vs.
1075 1138 1244 1206 351:
1291 1137 1425 1201 ἀλλ’
1471 1136 1696 1202 ἁπαλὸν
1741 1157 1804 1201 a»
1852 1138 1917 1223 μ’
1963 1133 2123 1213 ἴδοις.
2250 1212 2263 1220 ,

671 1273 800 1341 Av.
851 1293 950 1342 vs.
998 1272 1207 1340 1129:
1257 1279 1364 1336 ὑπὸ
1409 1278 1505 1335 τοῦ
1547 1268 1801 1344 πλάτους
1844 1287 1906 1332 sm
1950 1270 2410 1360 παρελασαίτην.
2435 1277 2572 1341 cet.
2624 1272 2728 1341 De
2752 1273 2933 1341 Ran.

584 1426 686 1475 vs.
734 1404 870 1474 572
915 1406 1055 1473 vid.
1105 1405 1141 1489 ἓ
1195 1404 1260 1472 2.

671 1538 829 1607 Non
875 1545 1111 1607 tamen
1160 1538 1376 1626 ubiqe
1421 1536 1598 1605 haec
1645 1536 1893 1625 regula
1918 1537 2125 1606 valet.
2174 1537 2711 1626 Nonnunquam
2735 1540 2929 1606 enim

580 1670 933 1761 particula
1001 1690 1065 1734 av
1133 1678 1402 1739 temere
1463 1670 1538 1738 in
1603 1671 1960 1738 sententia
2022 1669 2369 1740 collocata
2415 1689 2575 1740 esse
2624 1670 2928 1740 videtur.

581 1804 659 1873 E.
711 1824 780 1893 g.

669 1935 832 2004 Pac.
879 1954 981 2003 vs,
1028 1933 1196 2003 137:
1254 1933 1425 2015 ἀλλ’,
1475 1934 1522 1997 ὦ
1566 1933 1732 2021 μέλ’,
1779 1953 1845 1998 ἄν
1886 1958 1980 2021 μα
2022 1941 2213 1998 σιτίων
2258 1928 2477 1999 διπλῶν
2523 1930 2659 2003 ἔδει.

669 2065 805 2135 Ubi
870 2065 1142 2137 nullam
1202 2085 1497 2137 oausam
1553 2067 1789 2153 video,
1836 2086 2061 2155 quare
2107 2065 2459 2154 particula
2506 2075 2671 2157 post
2720 2087 2930 2136 voca-

582 2200 812 2269 tivum
860 2198 1208 2270 collocata
1255 2201 1370 2269 sit.

671 2333 854 2415 Quia
915 2335 1417 2404 coniunctivus
1479 2354 1643 2402 cum
1707 2353 1771 2396 au
1817 2352 2189 2423 nunquam
2232 2352 2378 2402 non
2423 2333 2666 2423 aliquo
2716 2353 2931 2404 voca-

578 2468 750 2538 bulo
831 2468 1138 2557 regitur,
1219 2466 1412 2556 quod
1495 2465 1687 2554 apud
1774 2466 2063 2535 initium
2133 2466 2534 2535 sententiae
2612 2468 2927 2555 positum

576 2621 640 2665 av
708 2601 1055 2687 attrahat,
1125 2600 1304 2671 sive.
1346 2599 1479 2667 hoc
1547 2597 1983 2668 vocabulum
2057 2605 2168 2667 est
2223 2598 2635 2668 coniunctio
2684 2600 2930 2669 eondi-

577 2732 864 2803 tionalis
882 2783 900 2814 ,
983 2733 1134 2802 sive
1217 2731 1629 2821 temporalis
1647 2785 1665 2818 ,
1751 2732 1901 2800 sive
1971 2731 2205 2801 finalis
2223 2785 2242 2818 ‚
2306 2732 2456 2801 sive
2528 2751 2925 2821 pronomen

576 2866 955 2936 relativum
1017 2866 1128 2933 vel
1187 2863 1538 2954 particula
1599 2863 1933 2950 relativa,
1984 2831 2551 2934 consentaneum
2595 2871 2706 2933 est
2756 2885 2920 2954 par-

573 2997 871 3068 ticulam
914 3017 978 3061 ow
1024 3015 1393 3085 nunquam
1437 3006 1601 3085 post
1647 2997 2186 3066 coniunctivum
2233 2997 2423 3084 poni.

1240 3402 1276 3491 g
1322 3402 1386 3470 2.
1478 3402 1821 3471 Particum
1865 3421 1931 3467 a„
1975 3404 2265 3491 repetita.

666 3671 761 3739 Ut
806 3668 1089 3757 negatio
1134 3667 1518 3756 repetitur,
1566 3668 1627 3736 si
1674 3667 1959 3758 longius
1997 3687 2040 3737 a
2080 3649 2295 3738 verbo
2321 3669 2653 3756 recessit,
2701 3689 2922 3758 quam

576 3807 659 3870 ut
704 3820 850 3869 non
896 3799 1224 3868 videatur
1269 3799 1712 3871 concinnitas
1755 3802 2098 3871 orationis
2137 3803 2637 3891 repetitionem
2682 3805 2924 3891 requi-

578 3952 774 4019 rere,
822 3951 883 3999 e.
933 3951 997 4021 g.

667 4063 858 4133 Eccl.
908 4083 1007 4131 vs.
1053 4062 1221 4132 304:
1357 4062 1491 4127 ἀλλ’
1536 4065 1698 4150 οὐχὶ,
1747 4061 2104 4156 Μυρωνίδης

1371 4196 1451 4261 ὅτ’
1498 4195 1676 4285 ἦρχεν
1722 4200 1751 4260 ὁ
1796 4193 2115 4288 γεννάδας,

1372 4323 1548 4403 οὐδεὶς
1594 4328 1808 4417 ἐτόλμα

580 4461 684 4529 sic
729 4459 1080 4549 particula
1126 4477 1225 4546 ἄν,
1274 4459 1397 4528 ubi
1444 4461 1578 4529 hoc
1626 4460 1838 4531 illove
1879 4462 2223 4533 vocabulo
2263 4462 2547 4532 averbo
2572 4463 2921 4533 distracta

581 4597 727 4678 est,
774 4612 1291 4682 nonnunquam
1339 4600 1501 4682 post
1546 4595 1785 4682 ipsum
1835 4595 2129 4664 verbum
2179 4596 2547 4685 repetitur.
2599 4596 2677 4664 E.
2731 4617 2794 4685 g.
