<?xml version="1.0" encoding="UTF-8"?>
<!DOCTYPE html PUBLIC "-//W3C//DTD XHTML 1.0 Transitional//EN"
    "http://www.w3.org/TR/xhtml1/DTD/xhtml1-transitional.dtd">
<html xmlns="http://www.w3.org/1999/xhtml" xml:lang="en" lang="en">
 <head>
  <title>
</title>
<meta http-equiv="Content-Type" content="text/html;charset=utf-8" />
  <meta name='ocr-system' content='tesseract 3.04.00' />
  <meta name='ocr-capabilities' content='ocr_page ocr_carea ocr_par ocr_line ocrx_word'/>
</head>
<body>
  <div class='ocr_page' id='page_1' title='image "./deusuparticulae00unkngoog_0045.png"; bbox 0 0 3484 5609; ppageno 0'>
   <div class='ocr_carea' id='block_1_1' title="bbox 1613 592 1806 689">
    <p class='ocr_par' dir='ltr' id='par_1_1' title="bbox 1613 592 1806 689">
     <span class='ocr_line' id='line_1_1' title="bbox 1613 592 1806 689; baseline 0 0"><span class='ocrx_word' id='word_1_1' title='bbox 1613 592 1703 659; x_wconf 78' lang='lat'>35</span> <span class='ocrx_word' id='word_1_2' title='bbox 1790 673 1806 689; x_wconf 48' lang='grc' dir='ltr'>ε</span> 
     </span>
    </p>
   </div>
   <div class='ocr_carea' id='block_1_2' title="bbox 487 779 2842 2079">
    <p class='ocr_par' dir='ltr' id='par_1_2' title="bbox 489 779 2828 1144">
     <span class='ocr_line' id='line_1_2' title="bbox 489 779 2827 876; baseline -0.001 -21"><span class='ocrx_word' id='word_1_3' title='bbox 489 786 841 855; x_wconf 87' lang='lat' dir='ltr'>infinitivo</span> <span class='ocrx_word' id='word_1_4' title='bbox 903 787 1321 876; x_wconf 84' lang='lat' dir='ltr'>praesertim</span> <span class='ocrx_word' id='word_1_5' title='bbox 1372 779 1653 873; x_wconf 71' lang='lat' dir='ltr'>ao&#39;risii,</span> <span class='ocrx_word' id='word_1_6' title='bbox 1706 788 1970 875; x_wconf 83' lang='lat' dir='ltr'>quippe</span> <span class='ocrx_word' id='word_1_7' title='bbox 2019 787 2142 875; x_wconf 90' lang='lat' dir='ltr'>qui</span> <span class='ocrx_word' id='word_1_8' title='bbox 2188 793 2388 854; x_wconf 89' lang='lat' dir='ltr'>ortus</span> <span class='ocrx_word' id='word_1_9' title='bbox 2436 787 2529 853; x_wconf 85' lang='lat' dir='ltr'>sit</span> <span class='ocrx_word' id='word_1_10' title='bbox 2574 806 2658 854; x_wconf 86' lang='lat' dir='ltr'>ex</span> <span class='ocrx_word' id='word_1_11' title='bbox 2705 806 2827 873; x_wconf 92' lang='lat' dir='ltr'>op-</span> 
     </span>
     <span class='ocr_line' id='line_1_3' title="bbox 492 919 2828 1010; baseline -0.002 -19"><span class='ocrx_word' id='word_1_12' title='bbox 492 923 712 990; x_wconf 80' lang='lat' dir='ltr'>tativo</span> <span class='ocrx_word' id='word_1_13' title='bbox 778 921 1185 1010; x_wconf 83' lang='lat' dir='ltr'>potentiali,</span> <span class='ocrx_word' id='word_1_14' title='bbox 1259 941 1469 1009; x_wconf 86' lang='lat' dir='ltr'>quem</span> <span class='ocrx_word' id='word_1_15' title='bbox 1541 920 1830 989; x_wconf 89' lang='lat' dir='ltr'>modum</span> <span class='ocrx_word' id='word_1_16' title='bbox 1892 919 2391 1009; x_wconf 72' lang='lat' dir='ltr'>significationi</span> <span class='ocrx_word' id='word_1_17' title='bbox 2439 920 2661 988; x_wconf 83' lang='lat' dir='ltr'>futuri</span> <span class='ocrx_word' id='word_1_18' title='bbox 2721 921 2828 986; x_wconf 90' lang='lat' dir='ltr'>in-</span> 
     </span>
     <span class='ocr_line' id='line_1_4' title="bbox 496 1052 2048 1144; baseline -0.002 -22"><span class='ocrx_word' id='word_1_19' title='bbox 496 1055 784 1124; x_wconf 84' lang='lat' dir='ltr'>dicativi</span> <span class='ocrx_word' id='word_1_20' title='bbox 834 1056 1410 1144; x_wconf 83' lang='lat' dir='ltr'>appropinquare</span> <span class='ocrx_word' id='word_1_21' title='bbox 1458 1074 1675 1144; x_wconf 85' lang='lat' dir='ltr'>supra</span> <span class='ocrx_word' id='word_1_22' title='bbox 1722 1052 2048 1121; x_wconf 70' lang='lat' dir='ltr'>vidimus</span> 
     </span>
    </p>

    <p class='ocr_par' dir='ltr' id='par_1_3' title="bbox 491 1181 2842 1538">
     <span class='ocr_line' id='line_1_5' title="bbox 581 1181 2842 1279; baseline -0.002 -22"><span class='ocrx_word' id='word_1_23' title='bbox 581 1188 682 1257; x_wconf 84' lang='lat' dir='ltr'>Cf.</span> <span class='ocrx_word' id='word_1_24' title='bbox 749 1188 874 1255; x_wconf 88' lang='lat' dir='ltr'>Av.</span> <span class='ocrx_word' id='word_1_25' title='bbox 932 1208 1033 1255; x_wconf 83' lang='lat' dir='ltr'>VS.</span> <span class='ocrx_word' id='word_1_26' title='bbox 1084 1186 1253 1255; x_wconf 81' lang='lat'>355:</span> <span class='ocrx_word' id='word_1_27' title='bbox 1321 1197 1442 1261; x_wconf 80' lang='grc' dir='ltr'>πῶς</span> <span class='ocrx_word' id='word_1_28' title='bbox 1486 1195 1607 1279; x_wconf 75' lang='grc' dir='ltr'>γάρ</span> <span class='ocrx_word' id='word_1_29' title='bbox 1652 1188 1725 1250; x_wconf 73' lang='grc' dir='ltr'>οἷν</span> <span class='ocrx_word' id='word_1_30' title='bbox 1770 1191 1994 1260; x_wconf 77' lang='grc' dir='ltr'>τούτους</span> <span class='ocrx_word' id='word_1_31' title='bbox 2040 1181 2219 1259; x_wconf 75' lang='grc' dir='ltr'>δοκεῖς</span> <span class='ocrx_word' id='word_1_32' title='bbox 2265 1191 2536 1276; x_wconf 74' lang='grc' dir='ltr'><em>ἐκφυγεῖν.</em></span> <span class='ocrx_word' id='word_1_33' title='bbox 2585 1192 2656 1253; x_wconf 82' lang='lat' dir='ltr'>et</span> <span class='ocrx_word' id='word_1_34' title='bbox 2703 1186 2842 1277; x_wconf 30' lang='lat' dir='ltr'>Eq.!</span> 
     </span>
     <span class='ocr_line' id='line_1_6' title="bbox 491 1319 2827 1409; baseline -0.001 -19"><span class='ocrx_word' id='word_1_35' title='bbox 491 1343 593 1391; x_wconf 90' lang='lat' dir='ltr'>vs.</span> <span class='ocrx_word' id='word_1_36' title='bbox 661 1322 832 1409; x_wconf 83' lang='lat'>407,</span> <span class='ocrx_word' id='word_1_37' title='bbox 895 1323 1056 1391; x_wconf 81' lang='lat' dir='ltr'>Pac.</span> <span class='ocrx_word' id='word_1_38' title='bbox 1120 1342 1219 1389; x_wconf 88' lang='lat' dir='ltr'>vs.</span> <span class='ocrx_word' id='word_1_39' title='bbox 1288 1321 1501 1404; x_wconf 79' lang='lat'><strong>1237,</strong></span> <span class='ocrx_word' id='word_1_40' title='bbox 1560 1320 1712 1389; x_wconf 87' lang='lat'>305.</span> <span class='ocrx_word' id='word_1_41' title='bbox 1772 1321 1873 1389; x_wconf 89' lang='lat' dir='ltr'>De</span> <span class='ocrx_word' id='word_1_42' title='bbox 1930 1320 2056 1409; x_wconf 90' lang='lat' dir='ltr'>Eq.</span> <span class='ocrx_word' id='word_1_43' title='bbox 2108 1340 2205 1389; x_wconf 77' lang='lat' dir='ltr'>vs,</span> <span class='ocrx_word' id='word_1_44' title='bbox 2263 1320 2389 1388; x_wconf 79' lang='lat'>621</span> <span class='ocrx_word' id='word_1_45' title='bbox 2459 1320 2594 1387; x_wconf 91' lang='lat' dir='ltr'>vid.</span> <span class='ocrx_word' id='word_1_46' title='bbox 2662 1319 2827 1409; x_wconf 85' lang='lat' dir='ltr'><strong>Cap.</strong></span> 
     </span>
     <span class='ocr_line' id='line_1_7' title="bbox 491 1456 790 1538; baseline -0.007 -15"><span class='ocrx_word' id='word_1_47' title='bbox 491 1456 589 1523; x_wconf 95' lang='lat' dir='ltr'>III</span> <span class='ocrx_word' id='word_1_48' title='bbox 639 1461 679 1538; x_wconf 66' lang='grc' dir='ltr'>ξ</span> <span class='ocrx_word' id='word_1_49' title='bbox 726 1458 790 1524; x_wconf 87' lang='grc'>3.</span> 
     </span>
    </p>

    <p class='ocr_par' dir='ltr' id='par_1_4' title="bbox 487 1584 2827 2079">
     <span class='ocr_line' id='line_1_8' title="bbox 580 1584 2827 1679; baseline -0.002 -21"><span class='ocrx_word' id='word_1_50' title='bbox 580 1590 765 1659; x_wconf 84' lang='lat' dir='ltr'><strong>Ran.</strong></span> <span class='ocrx_word' id='word_1_51' title='bbox 849 1610 950 1658; x_wconf 91' lang='lat' dir='ltr'>vs.</span> <span class='ocrx_word' id='word_1_52' title='bbox 1011 1589 1144 1657; x_wconf 83' lang='lat'>557</span> <span class='ocrx_word' id='word_1_53' title='bbox 1200 1584 1618 1679; x_wconf 77' lang='grc' dir='ltr'>πανδοκευτρία</span> <span class='ocrx_word' id='word_1_54' title='bbox 1664 1586 1720 1655; x_wconf 90' lang='grc' dir='ltr'><strong>Α</strong></span> <span class='ocrx_word' id='word_1_55' title='bbox 1767 1587 1940 1655; x_wconf 83' lang='lat' dir='ltr'>dicit</span> <span class='ocrx_word' id='word_1_56' title='bbox 1978 1588 2256 1656; x_wconf 82' lang='lat' dir='ltr'>Baccho</span> <span class='ocrx_word' id='word_1_57' title='bbox 2305 1608 2466 1656; x_wconf 89' lang='lat' dir='ltr'>eum</span> <span class='ocrx_word' id='word_1_58' title='bbox 2508 1607 2651 1655; x_wconf 90' lang='lat' dir='ltr'>non</span> <span class='ocrx_word' id='word_1_59' title='bbox 2699 1607 2827 1675; x_wconf 93' lang='lat' dir='ltr'>pu-</span> 
     </span>
     <span class='ocr_line' id='line_1_9' title="bbox 493 1720 2827 1809; baseline -0.002 -16"><span class='ocrx_word' id='word_1_60' title='bbox 493 1724 757 1793; x_wconf 84' lang='lat' dir='ltr'>tavisse</span> <span class='ocrx_word' id='word_1_61' title='bbox 824 1723 1009 1809; x_wconf 88' lang='lat' dir='ltr'>fore,</span> <span class='ocrx_word' id='word_1_62' title='bbox 1072 1728 1154 1791; x_wconf 89' lang='lat' dir='ltr'>ut</span> <span class='ocrx_word' id='word_1_63' title='bbox 1214 1721 1303 1791; x_wconf 84' lang='lat' dir='ltr'>ab</span> <span class='ocrx_word' id='word_1_64' title='bbox 1367 1723 1521 1809; x_wconf 85' lang='lat' dir='ltr'>ipsa</span> <span class='ocrx_word' id='word_1_65' title='bbox 1584 1728 2165 1809; x_wconf 79' lang='lat' dir='ltr'>cognosceretur,</span> <span class='ocrx_word' id='word_1_66' title='bbox 2225 1723 2392 1809; x_wconf 83' lang='lat' dir='ltr'>quia</span> <span class='ocrx_word' id='word_1_67' title='bbox 2441 1720 2827 1788; x_wconf 86' lang='lat' dir='ltr'>cothurnos</span> 
     </span>
     <span class='ocr_line' id='line_1_10' title="bbox 494 1852 2827 1948; baseline -0.001 -25"><span class='ocrx_word' id='word_1_68' title='bbox 494 1856 810 1925; x_wconf 82' lang='lat' dir='ltr'>haberet.</span> <span class='ocrx_word' id='word_1_69' title='bbox 856 1854 1251 1924; x_wconf 82' lang='lat' dir='ltr'>Probabilis</span> <span class='ocrx_word' id='word_1_70' title='bbox 1301 1854 1470 1921; x_wconf 85' lang='lat' dir='ltr'>mihi</span> <span class='ocrx_word' id='word_1_71' title='bbox 1520 1852 1837 1921; x_wconf 86' lang='lat' dir='ltr'>Elmsleii</span> <span class='ocrx_word' id='word_1_72' title='bbox 1887 1853 2298 1921; x_wconf 83' lang='lat' dir='ltr'>coniectura</span> <span class='ocrx_word' id='word_1_73' title='bbox 2341 1854 2657 1948; x_wconf 85' lang='lat' dir='ltr'>videtur,</span> <span class='ocrx_word' id='word_1_74' title='bbox 2705 1855 2827 1941; x_wconf 87' lang='lat' dir='ltr'>qui</span> 
     </span>
     <span class='ocr_line' id='line_1_11' title="bbox 487 1987 2146 2079; baseline -0.002 -21"><span class='ocrx_word' id='word_1_75' title='bbox 487 1990 933 2058; x_wconf 86' lang='lat' dir='ltr'>infinitivum</span> <span class='ocrx_word' id='word_1_76' title='bbox 980 1997 1301 2079; x_wconf 75' lang='grc' dir='ltr'>ἀναγνῶναι</span> <span class='ocrx_word' id='word_1_77' title='bbox 1345 1989 1423 2055; x_wconf 90' lang='lat' dir='ltr'>in·</span> <span class='ocrx_word' id='word_1_78' title='bbox 1467 2006 1529 2051; x_wconf 73' lang='lat' dir='ltr'>ow</span> <span class='ocrx_word' id='word_1_79' title='bbox 1573 1998 1783 2077; x_wconf 79' lang='grc' dir='ltr'>γνῶναι</span> <span class='ocrx_word' id='word_1_80' title='bbox 1825 1987 2146 2055; x_wconf 80' lang='lat' dir='ltr'>mutavit.</span> 
     </span>
    </p>
   </div>
   <div class='ocr_carea' id='block_1_3' title="bbox 988 2222 1878 2318">
    <p class='ocr_par' dir='ltr' id='par_1_5' title="bbox 988 2222 1878 2318">
     <span class='ocr_line' id='line_1_12' title="bbox 988 2222 1878 2318; baseline -0.003 -24"><span class='ocrx_word' id='word_1_81' title='bbox 988 2234 1053 2294; x_wconf 81' lang='grc' dir='ltr'>οὐ</span> <span class='ocrx_word' id='word_1_82' title='bbox 1099 2234 1203 2316; x_wconf 84' lang='grc' dir='ltr'>μὲν</span> <span class='ocrx_word' id='word_1_83' title='bbox 1250 2226 1342 2292; x_wconf 83' lang='grc' dir='ltr'>οὗν</span> <span class='ocrx_word' id='word_1_84' title='bbox 1381 2252 1453 2314; x_wconf 89' lang='grc' dir='ltr'>με</span> <span class='ocrx_word' id='word_1_85' title='bbox 1497 2222 1878 2318; x_wconf 76' lang='grc' dir='ltr'>προσεδόκας,</span> 
     </span>
    </p>
   </div>
   <div class='ocr_carea' id='block_1_4' title="bbox 986 2361 2294 2452">
    <p class='ocr_par' dir='ltr' id='par_1_6' title="bbox 986 2361 2294 2452">
     <span class='ocr_line' id='line_1_13' title="bbox 986 2361 2294 2452; baseline 0 -25"><span class='ocrx_word' id='word_1_86' title='bbox 986 2366 1105 2433; x_wconf 74' lang='grc' dir='ltr'>ὁτιή</span> <span class='ocrx_word' id='word_1_87' title='bbox 1155 2366 1443 2452; x_wconf 73' lang='grc' dir='ltr'>κοθόρνους</span> <span class='ocrx_word' id='word_1_88' title='bbox 1489 2361 1637 2449; x_wconf 86' lang='grc' dir='ltr'>εἶχες</span> <span class='ocrx_word' id='word_1_89' title='bbox 1654 2412 1671 2443; x_wconf 85' lang='grc'>,</span> <span class='ocrx_word' id='word_1_90' title='bbox 1724 2363 1799 2425; x_wconf 77' lang='grc' dir='ltr'>ἂν</span> <span class='ocrx_word' id='word_1_91' title='bbox 1843 2372 2052 2451; x_wconf 79' lang='grc' dir='ltr'>γνῶναι</span> <span class='ocrx_word' id='word_1_92' title='bbox 2096 2368 2150 2426; x_wconf 88' lang='grc' dir='ltr'>σ’</span> <span class='ocrx_word' id='word_1_93' title='bbox 2197 2363 2294 2429; x_wconf 82' lang='grc' dir='ltr'>ἔτι.</span> 
     </span>
    </p>
   </div>
   <div class='ocr_carea' id='block_1_5' title="bbox 493 2602 2827 3075">
    <p class='ocr_par' dir='ltr' id='par_1_7' title="bbox 493 2602 1979 2708">
     <span class='ocr_line' id='line_1_14' title="bbox 493 2602 1979 2708; baseline 0 -39"><span class='ocrx_word' id='word_1_94' title='bbox 493 2607 604 2669; x_wconf 82' lang='grc' dir='ltr'>Ἂν</span> <span class='ocrx_word' id='word_1_95' title='bbox 656 2626 818 2673; x_wconf 90' lang='lat' dir='ltr'>cum</span> <span class='ocrx_word' id='word_1_96' title='bbox 865 2605 988 2673; x_wconf 90' lang='lat' dir='ltr'>inf.</span> <span class='ocrx_word' id='word_1_97' title='bbox 1038 2624 1262 2708; x_wconf 68' lang='lat' dir='ltr'>praes.</span> <span class='ocrx_word' id='word_1_98' title='bbox 1316 2603 1452 2671; x_wconf 89' lang='lat' dir='ltr'>vid.</span> <span class='ocrx_word' id='word_1_99' title='bbox 1502 2602 1627 2670; x_wconf 85' lang='lat' dir='ltr'>Av.</span> <span class='ocrx_word' id='word_1_100' title='bbox 1676 2622 1776 2671; x_wconf 80' lang='lat' dir='ltr'>vs,</span> <span class='ocrx_word' id='word_1_101' title='bbox 1825 2602 1979 2671; x_wconf 77' lang='lat'><strong>419.</strong></span> 
     </span>
    </p>

    <p class='ocr_par' dir='ltr' id='par_1_8' title="bbox 499 2737 2827 3075">
     <span class='ocr_line' id='line_1_15' title="bbox 584 2737 2825 2827; baseline 0 -21"><span class='ocrx_word' id='word_1_102' title='bbox 584 2739 715 2827; x_wconf 84' lang='lat' dir='ltr'>Eq.</span> <span class='ocrx_word' id='word_1_103' title='bbox 809 2758 907 2806; x_wconf 79' lang='lat' dir='ltr'>vs,</span> <span class='ocrx_word' id='word_1_104' title='bbox 980 2737 1157 2805; x_wconf 79' lang='lat'>1175</span> <span class='ocrx_word' id='word_1_105' title='bbox 1226 2738 1688 2826; x_wconf 80' lang='lat' dir='ltr'>praeteritum</span> <span class='ocrx_word' id='word_1_106' title='bbox 1761 2758 1919 2805; x_wconf 91' lang='lat' dir='ltr'>cum</span> <span class='ocrx_word' id='word_1_107' title='bbox 1995 2756 2059 2800; x_wconf 68' lang='grc' dir='ltr'>ἄν</span> <span class='ocrx_word' id='word_1_108' title='bbox 2127 2740 2202 2805; x_wconf 91' lang='lat' dir='ltr'>in</span> <span class='ocrx_word' id='word_1_109' title='bbox 2275 2760 2349 2805; x_wconf 84' lang='lat' dir='ltr'>re</span> <span class='ocrx_word' id='word_1_110' title='bbox 2425 2760 2566 2806; x_wconf 89' lang='lat' dir='ltr'>non</span> <span class='ocrx_word' id='word_1_111' title='bbox 2640 2739 2825 2806; x_wconf 81' lang='lat' dir='ltr'>facta</span> 
     </span>
     <span class='ocr_line' id='line_1_16' title="bbox 499 2867 2827 2962; baseline -0.001 -25"><span class='ocrx_word' id='word_1_112' title='bbox 499 2874 722 2962; x_wconf 82' lang='grc' dir='ltr'>(ᾠκεῖτ’</span> <span class='ocrx_word' id='word_1_113' title='bbox 793 2874 865 2936; x_wconf 74' lang='grc' dir='ltr'>ἄν</span> <span class='ocrx_word' id='word_1_114' title='bbox 932 2873 1012 2937; x_wconf 82' lang='grc' dir='ltr'>ἔτι</span> <span class='ocrx_word' id='word_1_115' title='bbox 1080 2867 1184 2942; x_wconf 77' lang='grc' dir='ltr'>ἥδε</span> <span class='ocrx_word' id='word_1_116' title='bbox 1245 2876 1281 2941; x_wconf 80' lang='grc' dir='ltr'>ἡ</span> <span class='ocrx_word' id='word_1_117' title='bbox 1343 2868 1495 2942; x_wconf 77' lang='grc' dir='ltr'>πόλις</span> <span class='ocrx_word' id='word_1_118' title='bbox 1516 2871 1567 2956; x_wconf 91' lang='grc'>;)</span> <span class='ocrx_word' id='word_1_119' title='bbox 1621 2870 1938 2958; x_wconf 87' lang='lat' dir='ltr'>pendens</span> <span class='ocrx_word' id='word_1_120' title='bbox 1985 2892 2027 2937; x_wconf 81' lang='lat' dir='ltr'>a</span> <span class='ocrx_word' id='word_1_121' title='bbox 2076 2871 2288 2938; x_wconf 87' lang='lat' dir='ltr'>verbo</span> <span class='ocrx_word' id='word_1_122' title='bbox 2337 2872 2686 2939; x_wconf 82' lang='lat' dir='ltr'>sentiendi</span> <span class='ocrx_word' id='word_1_123' title='bbox 2733 2877 2827 2935; x_wconf 84' lang='grc' dir='ltr'>οἴει</span> 
     </span>
     <span class='ocr_line' id='line_1_17' title="bbox 499 3004 1726 3075; baseline -0.002 -2"><span class='ocrx_word' id='word_1_124' title='bbox 499 3006 778 3075; x_wconf 81' lang='lat' dir='ltr'>transiit</span> <span class='ocrx_word' id='word_1_125' title='bbox 825 3007 899 3073; x_wconf 87' lang='lat' dir='ltr'>in</span> <span class='ocrx_word' id='word_1_126' title='bbox 947 3004 1375 3073; x_wconf 84' lang='lat' dir='ltr'>infinitivum</span> <span class='ocrx_word' id='word_1_127' title='bbox 1427 3024 1581 3071; x_wconf 89' lang='lat' dir='ltr'>cum</span> <span class='ocrx_word' id='word_1_128' title='bbox 1630 3023 1726 3071; x_wconf 74' lang='grc' dir='ltr'>οινε</span> 
     </span>
    </p>
   </div>
   <div class='ocr_carea' id='block_1_6' title="bbox 965 3230 2326 3327">
    <p class='ocr_par' dir='ltr' id='par_1_9' title="bbox 965 3230 2326 3327">
     <span class='ocr_line' id='line_1_18' title="bbox 965 3230 2326 3327; baseline -0.001 -27"><span class='ocrx_word' id='word_1_129' title='bbox 965 3242 1058 3301; x_wconf 89' lang='grc' dir='ltr'>οἴει</span> <span class='ocrx_word' id='word_1_130' title='bbox 1102 3245 1219 3327; x_wconf 74' lang='grc' dir='ltr'>γάρ</span> <span class='ocrx_word' id='word_1_131' title='bbox 1265 3237 1485 3300; x_wconf 79' lang='grc' dir='ltr'>οἰκεῖσθ’</span> <span class='ocrx_word' id='word_1_132' title='bbox 1530 3237 1601 3298; x_wconf 75' lang='grc' dir='ltr'>ἂν</span> <span class='ocrx_word' id='word_1_133' title='bbox 1646 3236 1727 3299; x_wconf 82' lang='grc' dir='ltr'>ἔτι</span> <span class='ocrx_word' id='word_1_134' title='bbox 1772 3230 1942 3304; x_wconf 77' lang='grc' dir='ltr'>τήνδε</span> <span class='ocrx_word' id='word_1_135' title='bbox 1988 3240 2091 3303; x_wconf 77' lang='grc' dir='ltr'>τήν</span> <span class='ocrx_word' id='word_1_136' title='bbox 2134 3233 2326 3322; x_wconf 79' lang='grc' dir='ltr'>πόλιν,</span> 
     </span>
    </p>
   </div>
   <div class='ocr_carea' id='block_1_7' title="bbox 967 3370 2402 3462">
    <p class='ocr_par' dir='ltr' id='par_1_10' title="bbox 967 3370 2402 3462">
     <span class='ocr_line' id='line_1_19' title="bbox 967 3370 2402 3462; baseline -0.001 -28"><span class='ocrx_word' id='word_1_137' title='bbox 967 3379 1010 3434; x_wconf 85' lang='grc' dir='ltr'>εἰ</span> <span class='ocrx_word' id='word_1_138' title='bbox 1053 3378 1136 3458; x_wconf 74' lang='grc' dir='ltr'>μή</span> <span class='ocrx_word' id='word_1_139' title='bbox 1182 3380 1435 3462; x_wconf 81' lang='grc' dir='ltr'>φανερῶς</span> <span class='ocrx_word' id='word_1_140' title='bbox 1481 3375 1642 3456; x_wconf 79' lang='grc' dir='ltr'>ἡμῶν</span> <span class='ocrx_word' id='word_1_141' title='bbox 1686 3370 1948 3460; x_wconf 79' lang='grc' dir='ltr'>ὑπερεῖχε</span> <span class='ocrx_word' id='word_1_142' title='bbox 1993 3376 2094 3438; x_wconf 74' lang='grc' dir='ltr'>τὴν</span> <span class='ocrx_word' id='word_1_143' title='bbox 2137 3374 2402 3460; x_wconf 81' lang='grc' dir='ltr'>χύτροιν;</span> 
     </span>
    </p>
   </div>
   <div class='ocr_carea' id='block_1_8' title="bbox 493 3627 2826 3986">
    <p class='ocr_par' dir='ltr' id='par_1_11' title="bbox 493 3627 2826 3986">
     <span class='ocr_line' id='line_1_20' title="bbox 584 3627 2824 3719; baseline -0 -21"><span class='ocrx_word' id='word_1_144' title='bbox 584 3631 821 3699; x_wconf 88' lang='lat' dir='ltr'>Tertio</span> <span class='ocrx_word' id='word_1_145' title='bbox 885 3629 1038 3697; x_wconf 92' lang='lat' dir='ltr'>loco</span> <span class='ocrx_word' id='word_1_146' title='bbox 1099 3631 1172 3692; x_wconf 80' lang='grc' dir='ltr'>ἄν</span> <span class='ocrx_word' id='word_1_147' title='bbox 1232 3635 1465 3718; x_wconf 83' lang='lat' dir='ltr'>potest</span> <span class='ocrx_word' id='word_1_148' title='bbox 1529 3627 1792 3696; x_wconf 84' lang='lat' dir='ltr'>addere</span> <span class='ocrx_word' id='word_1_149' title='bbox 1839 3627 2190 3696; x_wconf 83' lang='lat' dir='ltr'>infinitivo</span> <span class='ocrx_word' id='word_1_150' title='bbox 2236 3629 2824 3719; x_wconf 82' lang='lat' dir='ltr'>significationem</span> 
     </span>
     <span class='ocr_line' id='line_1_21' title="bbox 494 3762 2826 3854; baseline -0.001 -21"><span class='ocrx_word' id='word_1_151' title='bbox 494 3764 975 3854; x_wconf 84' lang='lat' dir='ltr'>repetitionis3</span> <span class='ocrx_word' id='word_1_152' title='bbox 1025 3784 1208 3852; x_wconf 83' lang='lat' dir='ltr'>quae</span> <span class='ocrx_word' id='word_1_153' title='bbox 1257 3783 1369 3831; x_wconf 88' lang='lat' dir='ltr'>res</span> <span class='ocrx_word' id='word_1_154' title='bbox 1418 3783 1554 3831; x_wconf 90' lang='lat' dir='ltr'>usu</span> <span class='ocrx_word' id='word_1_155' title='bbox 1599 3763 1794 3829; x_wconf 85' lang='lat' dir='ltr'>venit</span> <span class='ocrx_word' id='word_1_156' title='bbox 1840 3762 1965 3830; x_wconf 91' lang='lat' dir='ltr'>ubi</span> <span class='ocrx_word' id='word_1_157' title='bbox 2011 3763 2134 3830; x_wconf 88' lang='lat' dir='ltr'>inf.</span> <span class='ocrx_word' id='word_1_158' title='bbox 2183 3783 2347 3831; x_wconf 88' lang='lat' dir='ltr'>cum</span> <span class='ocrx_word' id='word_1_159' title='bbox 2400 3766 2470 3826; x_wconf 76' lang='grc' dir='ltr'>ἄν</span> <span class='ocrx_word' id='word_1_160' title='bbox 2510 3763 2826 3852; x_wconf 90' lang='lat' dir='ltr'>pendens</span> 
     </span>
     <span class='ocr_line' id='line_1_22' title="bbox 493 3896 2824 3986; baseline -0.002 -19"><span class='ocrx_word' id='word_1_161' title='bbox 493 3921 535 3968; x_wconf 83' lang='lat' dir='ltr'><strong>a</strong></span> <span class='ocrx_word' id='word_1_162' title='bbox 607 3898 823 3967; x_wconf 87' lang='lat' dir='ltr'>verbo</span> <span class='ocrx_word' id='word_1_163' title='bbox 888 3898 1240 3966; x_wconf 84' lang='lat' dir='ltr'>sentiendi</span> <span class='ocrx_word' id='word_1_164' title='bbox 1306 3897 1412 3965; x_wconf 86' lang='lat' dir='ltr'>vel</span> <span class='ocrx_word' id='word_1_165' title='bbox 1485 3896 1891 3965; x_wconf 82' lang='lat' dir='ltr'>declarandi</span> <span class='ocrx_word' id='word_1_166' title='bbox 1953 3903 2153 3965; x_wconf 88' lang='lat' dir='ltr'>ortus</span> <span class='ocrx_word' id='word_1_167' title='bbox 2199 3903 2309 3965; x_wconf 85' lang='lat' dir='ltr'>est</span> <span class='ocrx_word' id='word_1_168' title='bbox 2356 3918 2394 3965; x_wconf 91' lang='lat' dir='ltr'>e</span> <span class='ocrx_word' id='word_1_169' title='bbox 2441 3898 2824 3986; x_wconf 86' lang='lat' dir='ltr'>praeterito</span> 
     </span>
    </p>
   </div>
   <div class='ocr_carea' id='block_1_9' title="bbox 496 4029 2734 4254">
    <p class='ocr_par' dir='ltr' id='par_1_12' title="bbox 496 4029 2734 4254">
     <span class='ocr_line' id='line_1_23' title="bbox 496 4029 2734 4122; baseline -0.001 -21"><span class='ocrx_word' id='word_1_170' title='bbox 496 4054 660 4101; x_wconf 89' lang='lat' dir='ltr'>cum</span> <span class='ocrx_word' id='word_1_171' title='bbox 708 4035 815 4120; x_wconf 80' lang='grc' dir='ltr'>ἄν,</span> <span class='ocrx_word' id='word_1_172' title='bbox 877 4032 1066 4122; x_wconf 90' lang='lat' dir='ltr'>quod</span> <span class='ocrx_word' id='word_1_173' title='bbox 1113 4032 1328 4100; x_wconf 82' lang='lat' dir='ltr'>etiam</span> <span class='ocrx_word' id='word_1_174' title='bbox 1375 4030 1588 4098; x_wconf 85' lang='lat' dir='ltr'>habet</span> <span class='ocrx_word' id='word_1_175' title='bbox 1637 4029 2225 4119; x_wconf 80' lang='lat' dir='ltr'>significationem</span> <span class='ocrx_word' id='word_1_176' title='bbox 2273 4031 2734 4119; x_wconf 81' lang='lat' dir='ltr'>repetitionis,</span> 
     </span>
     <span class='ocr_line' id='line_1_24' title="bbox 583 4163 1117 4254; baseline -0.002 -21"><span class='ocrx_word' id='word_1_177' title='bbox 583 4166 709 4254; x_wconf 89' lang='lat' dir='ltr'>Eq.</span> <span class='ocrx_word' id='word_1_178' title='bbox 758 4185 859 4233; x_wconf 81' lang='lat' dir='ltr'>vs,</span> <span class='ocrx_word' id='word_1_179' title='bbox 906 4163 1117 4233; x_wconf 78' lang='lat'>1295:</span> 
     </span>
    </p>
   </div>
   <div class='ocr_carea' id='block_1_10' title="bbox 670 4397 2734 4616">
    <p class='ocr_par' dir='ltr' id='par_1_13' title="bbox 670 4397 2734 4616">
     <span class='ocr_line' id='line_1_25' title="bbox 677 4397 2572 4487; baseline -0.001 -28"><span class='ocrx_word' id='word_1_180' title='bbox 677 4402 819 4487; x_wconf 83' lang='grc' dir='ltr'>φασί</span> <span class='ocrx_word' id='word_1_181' title='bbox 863 4399 965 4482; x_wconf 86' lang='grc' dir='ltr'>μὲν</span> <span class='ocrx_word' id='word_1_182' title='bbox 1008 4403 1126 4486; x_wconf 76' lang='grc' dir='ltr'>γάρ</span> <span class='ocrx_word' id='word_1_183' title='bbox 1172 4399 1343 4460; x_wconf 82' lang='grc' dir='ltr'>αὐτὸν</span> <span class='ocrx_word' id='word_1_184' title='bbox 1390 4399 1753 4484; x_wconf 82' lang='grc' dir='ltr'>ἐρεπτόμενον</span> <span class='ocrx_word' id='word_1_185' title='bbox 1799 4402 1875 4459; x_wconf 77' lang='grc' dir='ltr'>τοὶ</span> <span class='ocrx_word' id='word_1_186' title='bbox 1912 4403 2025 4459; x_wconf 87' lang='grc' dir='ltr'>τῶν</span> <span class='ocrx_word' id='word_1_187' title='bbox 2070 4397 2315 4480; x_wconf 75' lang='grc' dir='ltr'>ἐχόντων</span> <span class='ocrx_word' id='word_1_188' title='bbox 2358 4399 2572 4485; x_wconf 80' lang='grc' dir='ltr'>οένὲρων</span> 
     </span>
     <span class='ocr_line' id='line_1_26' title="bbox 670 4523 2734 4616; baseline 0 -21"><span class='ocrx_word' id='word_1_189' title='bbox 670 4536 772 4595; x_wconf 81' lang='grc' dir='ltr'>οὐκ</span> <span class='ocrx_word' id='word_1_190' title='bbox 814 4531 887 4593; x_wconf 78' lang='grc' dir='ltr'>ἂν</span> <span class='ocrx_word' id='word_1_191' title='bbox 931 4526 1165 4607; x_wconf 82' lang='grc' dir='ltr'>ἐξελθεῖν</span> <span class='ocrx_word' id='word_1_192' title='bbox 1208 4535 1324 4594; x_wconf 80' lang='grc' dir='ltr'>οέπὸ</span> <span class='ocrx_word' id='word_1_193' title='bbox 1369 4539 1473 4604; x_wconf 80' lang='grc' dir='ltr'>τῆς</span> <span class='ocrx_word' id='word_1_194' title='bbox 1513 4535 1741 4603; x_wconf 79' lang='grc' dir='ltr'>σιπύης·</span> <span class='ocrx_word' id='word_1_195' title='bbox 1788 4534 1917 4604; x_wconf 82' lang='grc' dir='ltr'>τοὺς</span> <span class='ocrx_word' id='word_1_196' title='bbox 1961 4523 2015 4593; x_wconf 78' lang='grc' dir='ltr'>δ’</span> <span class='ocrx_word' id='word_1_197' title='bbox 2059 4526 2371 4612; x_wconf 71' lang='grc' dir='ltr'>ἀντιβολεῖν</span> <span class='ocrx_word' id='word_1_198' title='bbox 2411 4530 2482 4593; x_wconf 72' lang='grc' dir='ltr'>οἷν</span> <span class='ocrx_word' id='word_1_199' title='bbox 2518 4533 2734 4616; x_wconf 80' lang='grc' dir='ltr'>ὁμοίως.</span> 
     </span>
    </p>
   </div>
   <div class='ocr_carea' id='block_1_11' title="bbox 574 4661 2376 4758">
    <p class='ocr_par' dir='ltr' id='par_1_14' title="bbox 574 4661 2376 4758">
     <span class='ocr_line' id='line_1_27' title="bbox 574 4661 2376 4758; baseline -0.002 -25"><span class='ocrx_word' id='word_1_200' title='bbox 574 4747 579 4758; x_wconf 25' lang='lat'><em>2</em></span> <span class='ocrx_word' id='word_1_201' title='bbox 677 4665 813 4733; x_wconf 85' lang='lat' dir='ltr'>Pro</span> <span class='ocrx_word' id='word_1_202' title='bbox 859 4664 930 4727; x_wconf 77' lang='grc' dir='ltr'>ἂν</span> <span class='ocrx_word' id='word_1_203' title='bbox 976 4669 1174 4752; x_wconf 77' lang='grc' dir='ltr'>ὁμοίως</span> <span class='ocrx_word' id='word_1_204' title='bbox 1221 4665 1303 4731; x_wconf 89' lang='lat' dir='ltr'>R.</span> <span class='ocrx_word' id='word_1_205' title='bbox 1351 4670 1619 4750; x_wconf 87' lang='grc' dir='ltr'>α’νομοίως</span> <span class='ocrx_word' id='word_1_206' title='bbox 1667 4670 1738 4732; x_wconf 86' lang='lat' dir='ltr'>et</span> <span class='ocrx_word' id='word_1_207' title='bbox 1778 4661 1906 4727; x_wconf 72' lang='grc' dir='ltr'>ἀλλ’</span> <span class='ocrx_word' id='word_1_208' title='bbox 1950 4666 2099 4751; x_wconf 80' lang='grc' dir='ltr'>ὅμως</span> <span class='ocrx_word' id='word_1_209' title='bbox 2139 4663 2376 4731; x_wconf 78' lang='lat' dir='ltr'>ceteri.</span> 
     </span>
    </p>
   </div>
  </div>
 </body>
</html>
