3484 5609
613 773 733 840 Vs.
782 771 952 840 1111
1004 792 1197 861 seqq.
1219 793 1232 838 :

837 941 944 1004 κᾶν
991 938 1261 1027 λαχόντες
1308 936 1566 1029 άρχίδιον
1612 941 1711 1005 εἷθ’
1758 948 2026 1032 ἁρπάσαι
2066 938 2355 1024 βούλησθέ
2401 961 2453 1000 τι

836 1077 961 1150 ὀξὺν
1008 1081 1329 1164 ἱερακίσκον
1373 1079 1428 1148 ἐς
1473 1082 1572 1146 τάι
1622 1074 1821 1164 χεῖρας
1867 1080 1996 1160 ὑμῖν
2040 1068 2317 1158 δώσομεν.

836 1208 906 1277 ἦν
951 1202 1015 1271 δέ
1059 1230 1169 1271 που
1215 1202 1477 1276 δειπνῆτε
1523 1217 1894 1297 πρηγορῶνας
1941 1208 2068 1293 ὑμῖν
2110 1205 2401 1293 πέμψομεν
2418 1260 2436 1290 ,

833 1341 901 1410 ἦν
947 1336 1012 1405 δὲ
1060 1346 1145 1427 μή
1189 1348 1411 1431 κρίνητε
1430 1390 1445 1418 ,
1495 1337 1849 1426 χαλκεύεσθε
1893 1346 2195 1426 μηνίσκους
2239 1351 2423 1429 φορεῖν

833 1478 1016 1562 ὣ.περ
1058 1468 1407 1560 α’νδριάντες·
1455 1479 1531 1548 ὡς
1575 1480 1733 1560 ὑμῶν
1763 1455 1837 1546 ’ὃς
1882 1473 1956 1535 οίν
1999 1465 2083 1558 μὴ
2125 1471 2259 1559 μῆν’
2308 1472 2453 1559 ἔχῃ,

834 1608 970 1670 ὅταν
1016 1607 1189 1692 ἔχητε
1234 1601 1489 1692 χλανίδα
1534 1604 1744 1676 λευκήν
1763 1657 1778 1685 ,
1827 1611 1950 1671 τότε
1995 1603 2225 1692 μάλισθ’
2271 1607 2414 1669 οὕτω
2458 1599 2626 1673 δίκην

836 1735 1039 1804 δώσεθ’
1088 1745 1221 1826 ἡμῖν
1243 1792 1258 1822 ,
1305 1751 1453 1804 πάσι
1497 1751 1608 1814 τοῖς
1654 1740 1827 1830 ’ὄρνισι
1873 1737 2331 1825 κατατιλώμενοι.

602 1937 950 2004 Futurum
1000 1934 1366 2003 indicativi
1412 1931 1673 2021 δώσομεν
1718 1935 1989 2003 indicat
2024 1934 2193 2023 quid
2221 1939 2383 2023 post
2407 1933 2541 1999 hoc
2563 1938 2845 2019 tempus

521 2072 836 2139 futurum
888 2072 1017 2150 sit,
1070 2070 1248 2138 coni.
1299 2089 1524 2157 praes.
1577 2077 1837 2159 κρίνωσιν
1884 2075 1951 2137 et
2001 2093 2226 2160 κρινῃτε
2274 2068 2444 2157 quid
2492 2068 2625 2135 hoc
2667 2073 2842 2133 tem-

519 2225 683 2292 pore
747 2204 906 2286 fiat,
979 2204 1103 2271 sed
1169 2205 1348 2271 coni.
1400 2224 1626 2292 praes,
1691 2201 2009 2288 βούλησθε,
2058 2198 2351 2288 δειπνῆτε,
2398 2203 2507 2289 ἔχῃ
2554 2207 2625 2268 et
2671 2201 2845 2285 ἔχητε

512 2338 868 2420 indicant,
941 2356 1124 2425 quae
1197 2336 1360 2404 fiant
1436 2358 1518 2404 eo
1593 2345 1946 2426 tempore,
2017 2358 2159 2426 quo
2225 2343 2663 2425 peraguntur
2725 2337 2858 2414 ea‚'

514 2491 697 2561 quae
747 2470 980 2538 verbis
1031 2466 1290 2557 δώσομεν
1338 2469 1550 2554 1112,
1598 2470 1893 2558 πέμψομεν
1940 2477 2010 2538 et
2055 2464 2268 2534 δώσετε
2316 2467 2844 2559 significantur,

515 2605 705 2673 unde
776 2604 956 2672 coni.
1028 2623 1255 2693 praes.
1329 2604 1659 2692 pendent.
1755 2603 2086 2692 (Formae
2154 2610 2415 2694 κρίνωσιν
2484 2608 2556 2669 et
2623 2607 2845 2689 κρίνητε

515 2738 726 2806 etiam
777 2743 1081 2825 possunt
1126 2756 1283 2804 esse
1329 2755 1472 2804 aor.
1524 2737 1705 2804 coni.
1757 2736 1881 2804 sed
1909 2743 2357 2825 comparatae
2382 2727 2560 2802 'cum
2592 2730 2847 2823 ὠφελῶσι

515 2870 695 2939 Nub.
761 2891 857 2937 vs.
935 2868 1105 2937 1116
1169 2888 1394 2957 praes.
1462 2870 1620 2938 coni
1669 2890 1826 2938 esse
1874 2869 2258 2957 videntur.)

605 3004 704 3073 Cf.
756 3004 938 3073 Plut.
990 3024 1089 3071 ve.
1135 3002 1301 3072 216:

730 3187 843 3272 ἐγὼ
886 3191 1038 3272 γάρ,
1087 3179 1148 3246 εὖ
1196 3186 1342 3246 τοῦτ’
1386 3183 1498 3246 ἴσθι
1542 3183 1651 3246 κάν
1696 3178 1775 3271 δῇ
1822 3181 2020 3266 (Cob.
2067 3181 2222 3271 χρῇ)
2271 3185 2329 3268 μ’
2374 3182 2669 3245 ἀποθανεῖν

728 3320 895 3389 αὐτὸς
940 3310 1240 3406 διαπράξω
1280 3322 1486 3381 ταῦτα.

602 3510 708 3578 Ita
757 3510 943 3578 enim
996 3509 1166 3600 legit
1216 3511 1530 3579 Dindorf.
1578 3532 1708 3600 pro
1754 3519 1835 3574 κεί
1872 3506 1991 3594 δεῖ,
2019 3510 2207 3600 quod
2233 3517 2508 3579 tantum
2536 3510 2845 3599 pertinet

512 3644 602 3711 ad
653 3652 932 3733 tempus
984 3664 1327 3733 praesens*
1349 3695 1365 3724 ,
1407 3665 1627 3734 quum
1657 3652 1893 3712 tamen
1921 3665 2210 3712 necesse
2236 3652 2344 3712 est
2368 3643 2842 3712 conditionem

514 3777 765 3843 eodem
830 3783 1145 3866 tempore
1208 3797 1366 3846 esse
1430 3798 1571 3866 quo
1636 3772 1954 3868 διαπράξω.
2025 3777 2144 3845 Sic
2191 3778 2400 3845 etiam
2452 3776 2843 3845 Meinekius

516 3910 674 3977 Pac.
742 3930 839 3977 vs.
905 3909 1031 3978 931
1098 3912 1229 3977 ὅτε.
1261 3960 1276 3976 .
1306 3964 1363 3978 ..
1430 3909 1577 4000 λέγει
1623 3911 1922 3978 mutavit
1970 3910 2044 3978 in
2093 3912 2360 3978 ὅταν...
2389 3960 2404 3976 .
2453 3908 2629 4000 λε’γῃ,
2676 3910 2842 3998 quia

515 4045 944 4111 sententiam
988 4044 1449 4134 temporalem
1498 4044 1750 4112 eodem
1799 4051 2115 4133 tempore
2164 4064 2321 4112 esse
2361 4050 2674 4134 oportet,
2702 4065 2843 4132 quo

516 4182 690 4242 ἵνα..
719 4227 733 4243 .
764 4228 779 4242 .
829 4177 1070 4268 λέγωσι,
1118 4177 1306 4246 unde
1353 4178 1633 4267 pendet.
1704 4179 2042 4267 Legimus
2088 4178 2309 4268 igitur
2355 4178 2398 4246 l.
2449 4178 2492 4245 l.

1254 4367 1512 4448 ἐπίτηδές
1555 4374 1649 4463 γ’,
1686 4378 1749 4437 ἵν’
1796 4376 1932 4438 ὅταν
1976 4378 2033 4437 ἐν
2079 4374 2407 4460 τήκκλησίᾳ

1042 4510 1121 4581 ὡς
1164 4513 1284 4597 χρὴ
1329 4504 1587 4593 πολεμεῖν
1630 4505 1773 4597 λε’γῃ
1819 4529 1899 4581 τις
1915 4559 1932 4593 ,
1979 4512 2024 4570 οί
2068 4508 2371 4596 καθήμενοι

1044 4645 1150 4708 ὑπὸ
1195 4647 1293 4708 τοῦ
1337 4635 1499 4716 δὲονς
1543 4639 1749 4735 λέγωσ’
1795 4649 2023 4721 ίωνικῶς
2065 4647 2131 4712 ὀί.
