3484 5609
1760 570 1849 637 38

729 760 866 830 Ubi
937 769 1118 830 teste
1188 762 1597 833 Hermanno
1666 784 1754 833 ex
1821 764 1988 833 Cod.
2060 766 2233 834 Rav.
2282 772 2352 834 et
2395 766 2609 852 Ven.‚
2659 768 2781 855 qui
2826 770 2974 842 ὅστις

642 914 704 958 ἄν
752 894 1051 977 habent,
1099 915 1471 985 perperam
1520 896 1608 965 ab
1657 897 1818 967 aliis
1863 900 1920 973 ὀς
1966 916 2028 963 ἄν
2077 898 2357 987 legitur.
2408 900 2755 989 Equidem
2795 901 2972 969 Her·

641 1047 904 1096 manno
972 1030 1340 1097 assentior.
1415 1028 1488 1098 Si
1559 1031 1749 1099 enim
1821 1032 2045 1100 forma
2115 1033 2294 1097 ἔσοιτο
2359 1032 2819 1124 intelligenda
2864 1040 2977 1102 est

641 1162 1002 1250 optativus
1086 1165 1428 1232 orationis
1514 1162 1847 1255 obliquae
1916 1166 2234 1264 pendens
2303 1187 2344 1235 a
2413 1169 2799 1257 praeterito
2867 1167 2974 1254 ἦν,

638 1294 836 1363 nullo
901 1295 1110 1365 modo
1157 1297 1222 1365 ei
1270 1297 1437 1365 addi
1483 1304 1718 1387 potest
1768 1314 1864 1384 ἄν,
1931 1301 2098 1387 quia
2147 1300 2363 1369 verba
2410 1302 2512 1369 sic
2558 1302 2974 1370 cohaerent:

1111 1491 1240 1555 ἀλλ’
1287 1492 1386 1579 (ἦν
1431 1501 1565 1580 ἡμῖν
1609 1496 1857 1584 φροντίς)
1903 1498 2056 1570 ὅστις
2101 1499 2291 1585 ἐρέτης
2335 1496 2363 1560 ἐ’
2405 1535 2493 1546 -

1107 1631 1246 1691 σοιτ’
1291 1629 1537 1717 ἄριστος.

728 1820 887 1889 Non
937 1826 1174 1889 tamen
1227 1821 1509 1890 silentio
1558 1823 2269 1911 praetermittendum
2314 1829 2423 1892 est
2461 1823 2737 1893 Atticos
2762 1845 2977 1914 saepe

645 1957 1038 2024 sententias
1099 1957 1172 2025 in
1238 1959 1558 2025 oratione
1620 1957 1912 2046 obliqua
1960 1965 2408 2037 construere,
2459 1959 2647 2028 sicut
2693 1966 2974 2027 senten-

642 2089 779 2156 tias
822 2090 899 2156 in
942 2091 1260 2159 oratione
1301 2098 1532 2176 recta,
1580 2093 1681 2160 ita
1727 2098 1811 2161 ut
1855 2113 1999 2160 non
2046 2099 2235 2161 esset
2279 2091 2568 2161 insolita
2603 2099 2990 2167 construe--

639 2224 776 2307 tio,
818 2224 877 2290 si
903 2223 1316 2320 ’‘legeretur:

1110 2417 1242 2481 ἀλλ’
1292 2418 1394 2507 (ἦν
1440 2424 1576 2508 ἡμῖν
1619 2421 1872 2512 φροντίς)
1922 2425 2073 2495 ὅστις
2116 2426 2307 2513 ἐρέτης

1107 2552 1272 2617 ἔσται
1316 2556 1569 2644 ἄριστος.

738 2748 876 2815 Pro
946 2748 1082 2815 hoc
1152 2748 1278 2815 fut.
1341 2747 1484 2815 ind.
1558 2750 1719 2814 ἔσται
1785 2749 2109 2818 adhiberi
2181 2758 2425 2839 posset
2494 2769 2558 2813 ἅν
2626 2754 2745 2836 εἴη,
2809 2752 2978 2839 quia

644 2902 872 2971 praes.
931 2888 1000 2949 et
1063 2900 1205 2949 aor.
1273 2888 1414 2969 opt.
1485 2902 1647 2949 cum
1710 2900 1774 2944 ειν
1829 2881 1982 2949 loco
2031 2882 2157 2950 sut.
2206 2881 2327 2949 ind
2399 2882 2723 2951 adhiberi
2771 2903 2979 2977 posse

646 3013 953 3083 vidimus
998 3013 1166 3103 Cap.
1212 3014 1265 3082 I.
1312 3013 1394 3082 A.
1442 3020 1483 3097 ξ
1522 3014 1568 3082 4
1613 2981 1685 3082 et
1715 3016 1779 3082 5.
1821 3015 2291 3083 Formulaeozv
2339 3065 2355 3081 .
2384 3065 2400 3081 .
2427 3069 2441 3082 .
2471 3064 2488 3081 .
2533 3016 2712 3081 ἔσοιτο
2738 3023 2978 3084 autem

640 3146 837 3215 nullo
909 3147 1120 3215 modo
1190 3147 1307 3216 hic
1374 3147 1573 3216 locus
1636 3154 1748 3216 est
1809 3148 1957 3216 sive
2021 3149 2412 3234 sententia„
2462 3168 2646 3237 quae
2693 3149 2781 3218 ab
2828 3153 2980 3225 ὅστις

639 3282 929 3371 incipit,
980 3282 1422 3350 construitur
1469 3282 1654 3349 sicut
1701 3282 2054 3371 sententia
2100 3283 2174 3350 in
2201 3282 2521 3350 oratione
2546 3289 2780 3368 recta,
2828 3283 2978 3350 sive

642 3416 831 3483 sicut
873 3416 945 3484 in
996 3417 1316 3484 oratione
1359 3413 1665 3505 obliqua.

979 3857 1020 3933 ξ
1067 3852 1130 3918 2.
1228 3850 1595 3919 Sententiae
1641 3852 1782 3919 sine
1828 3869 1891 3914 ἄν
1936 3854 2008 3919 in
2054 3853 2340 3920 oratione
2383 3853 2658 3942 obliqua.

733 4101 843 4170 Ab
934 4099 1265 4170 omnibus
1342 4099 1715 4168 sententiis
1799 4099 2108 4189 pendere
2177 4107 2479 4190 possunt
2547 4104 2979 4189 sententiae,

646 4255 829 4325 quae
877 4234 1143 4303 habent
1191 4234 1488 4303 verbum
1533 4234 1604 4301 in
1657 4233 2076 4319 indicativo,
2142 4234 2201 4302 si
2248 4235 2666 4326 simpliciter
2710 4237 2977 4307 adden-

650 4368 821 4437 dum
871 4375 981 4437 est
1027 4368 1330 4456 aliquid,
1380 4367 1570 4457 quod
1618 4387 1810 4435 nunc
1859 4366 1940 4437 fit
1987 4366 2094 4437 vel
2142 4374 2359 4476 antea⁸
2401 4369 2665 4438 factum
2714 4376 2823 4439 est
2871 4371 2980 4439 vel

647 4507 895 4592 postea
943 4501 1083 4571 fiet.
1133 4501 1233 4570 Cf.
1283 4501 1450 4591 Cap.
1499 4500 1561 4571 II
1610 4499 1646 4590 §
1692 4499 1757 4568 5.

738 4635 881 4705 Sed
927 4635 1049 4705 ubi
1100 4635 1457 4704 vinculum
1507 4631 1794 4722 aliquod
1842 4631 2301 4703 indicandum
2342 4641 2451 4703 est
2472 4634 2660 4704 inter
2684 4637 2975 4706 verbum
