3484 5609
1653 579 1745 647 85

530 775 726 844 locos
789 774 1377 858 memoravimus,
1440 772 1563 841 ubi
1626 778 1913 861 praeter
1971 771 2268 840 verbum
2318 791 2542 840 unum
2592 775 2874 838 tantum

531 906 957 977 vocabulum
1005 907 1193 974 inter
1240 905 1488 974 ambas
1538 906 1931 994 particulas
1982 904 2380 976 intercedit.
2474 904 2707 972 Etiam
2755 924 2874 973 oc-

531 1047 833 1110 currunt
881 1039 1019 1109 loci
1067 1040 1292 1128 aliqui
1339 1039 1464 1109 ubi
1512 1056 1573 1103 ἄν
1622 1040 2010 1127 repetitur,
2061 1038 2387 1127 quamvis
2435 1036 2672 1126 priore
2721 1036 2874 1104 loco
2984 1111 2991 1114 ,

528 1174 767 1263 ipsum
817 1172 1118 1241 verbum
1166 1172 1486 1261 proxime
1533 1171 1938 1260 praecedat.
1990 1171 2067 1238 E.
2117 1191 2182 1260 g.

619 1305 802 1375 Nub.
852 1326 953 1374 VS.
999 1305 1220 1374 1056:
1270 1312 1314 1369 ei
1373 1313 1492 1395 γάρ
1553 1310 1794 1394 πονηρὸν
1854 1304 1957 1390 ἦν,
2005 1303 2269 1395 Όμηρος
2316 1297 2567 1368 οὐδέποτ’
2614 1320 2675 1365 ἂν
2713 1306 2879 1365 ἐποίει

1256 1444 1348 1503 τὸν
1372 1436 1628 1527 Νέστορ’
1652 1409 1948 1528 οἶγορητήν
1970 1451 2032 1500 ἀν
2056 1431 2187 1502 οὐδὲ
2208 1441 2335 1510 τοὺς
2358 1445 2564 1526 σοφοὺς
2587 1441 2873 1508 ἅπαντας.

619 1570 801 1640 Nub.
850 1590 951 1640 vs.
1000 1570 1213 1639 1250:
1264 1575 1366 1635 οὐκ
1413 1588 1475 1634 ἂν
1519 1565 1794 1639 ἀποδοίην
1839 1564 1958 1635 οὐδ’
2001 1590 2062 1635 ἂν
2108 1567 2307 1653 ὀβολὸν
2354 1563 2554 1633 οὐδενί.

530 1704 718 1785 Quin
767 1704 984 1772 etiam
1031 1723 1174 1772 non
1224 1702 1486 1772 desunt
1532 1702 1710 1788 loci,
1760 1702 1884 1772 ubi
1926 1700 2315 1791 particula,
2365 1700 2692 1790 quamvis
2719 1720 2873 1766 ver-

526 1836 699 1906 bum
766 1838 1085 1925 proxime
1152 1836 1628 1925 praecedenS‚
1699 1841 1941 1906 tamen
2000 1834 2319 1923 proxime
2368 1839 2532 1922 post
2578 1804 2874 1902 verbum

528 1974 919 2057 repetatur.
970 1969 1046 2037 E.
1101 1989 1165 2059 g.
1974 1949 1993 1954 ι

621 2101 901 2188 Thesm.
954 2121 1053 2170 νε.
1102 2099 1270 2170 196;
1320 2107 1419 2166 καὶ
1463 2109 1582 2192 γαρ
1627 2102 1701 2165 ἄν
1744 2101 2050 2189 μαινοίμεθ’
2100 2117 2182 2168 ἄν.

616 2234 744 2303 AV.
795 2254 895 2303 vs.
942 2232 1108 2303 127:
1156 2241 1321 2299 ποίαν
1366 2240 1463 2299 τιν’
1508 2232 1606 2299 οὖν
1649 2229 1837 2304 ἥδιστ’
1882 2254 1944 2299 αν
1991 2237 2170 2299 οἵκοιτ’
2218 2251 2280 2296 αν
2325 2232 2526 2318 πόλιν;

530 2365 1009 2449 Quamobrem
1055 2365 1236 2435 nihil
1262 2366 1594 2455 impedit,
1647 2367 2033 2455 quominus
2058 2365 2243 2435 Nub.
2272 2385 2371 2434 vs.
2400 2364 2534 2435 783
2557 2365 2874 2434 Elmsleii

528 2501 1014 2568 coniecturam
1076 2499 1499 2587 probemus,
1558 2500 1682 2588 qui
1754 2519 1885 2589 pro
1934 2498 2278 2568 librorum
2323 2498 2628 2568 lectione
2681 2504 2782 2563 οὐκ
2817 2512 2876 2561 ειν

525 2627 872 2720 διδαξαίμην
919 2634 1089 2714 σ’ἕτι,
1145 2602 1320 2722 ’quia
1367 2628 1761 2722 διδάσκεσθαι
1795 2653 1939 2701 non
1990 2639 2099 2702 est
2145 2634 2361 2703 docere
2380 2686 2398 2720 ,
2468 2632 2660 2722 quod
2712 2652 2873 2701 sen-

451 2839 460 2849 ,
526 2766 753 2834 tentia
822 2768 1088 2855 poscit,
1161 2766 1287 2834 sed
1349 2772 1476 2834 aut
1540 2766 1852 2855 aliquem
1916 2771 2042 2835 aut
2106 2786 2182 2834 se
2230 2767 2467 2855 ipsum
2515 2767 2873 2835 docendum

527 2920 761 2969 curare
813 2898 949 2986 (Cf.
998 2899 1155 2968 Nub
1205 2920 1305 2967 VS.
1356 2898 1537 2968 1338
1569 2906 1640 2968 et
1662 2898 1871 2987 127),
1922 2899 2204 2968 scribit:
2254 2905 2370 2964 0122-
2400 2917 2460 2963 ειν
2500 2894 2789 2986 διδάξαιμ’
2815 2917 2876 2962 ἅν

525 3031 706 3112 σ’ἕτι,
753 3052 987 3120 neque
1035 3031 1240 3100 nobis
1289 3033 1704 3101 coniectura
1752 3032 2003 3101 Kockii
2050 3038 2112 3096 οὐ
2157 3039 2274 3121 γάρ
2322 3027 2615 3119 διδάξαιμ’
2655 3051 2718 3096 αν
2742 3034 2879 3097 σ’ἕτι

527 3184 709 3253 opus
755 3170 901 3246 est,
952 3184 1135 3254 quae
1178 3185 1267 3233 ne
1313 3164 1704 3254 probabilis
1729 3165 2022 3254 quidem
2048 3166 2330 3234 videtur
2353 3171 2647 3255 propter
2669 3186 2876 3233 voca-

530 3295 783 3365 bulum
833 3314 1074 3388 ᾶπερρε,
1131 3298 1326 3386 quod
1372 3319 1516 3368 non
1562 3300 2087 3388 imperativuS‚¹
2119 3300 2245 3367 sed
2285 3300 2706 3388 imprecatio
2745 3304 2876 3367 est.

618 3430 951 3500 Ceterum
1002 3451 1145 3501 non
1194 3438 1477 3501 tantum
1526 3433 1866 3519 verbum,
1917 3433 2040 3502 sed
2090 3452 2632 3522 nonnumquam
2661 3433 2876 3501 etiam

525 3563 720 3633 aliud
771 3564 1199 3635 vocabulum
1246 3566 1436 3634 inter
1485 3566 1664 3635 duas
1711 3566 2103 3655 particulas
2149 3566 2655 3655 interponitur.
2704 3566 2781 3634 E.
2807 3586 2871 3652 g.

621 3696 782 3784 Lys.
837 3716 937 3765 VS.
986 3697 1159 3767 361:
1389 3705 1579 3789 φωνὴν
1619 3717 1680 3762 ἂν
1728 3705 1832 3763 οὐκ
1882 3716 1943 3762 ἀν
1992 3699 2146 3784 εἶχον

614 3827 741 3896 Αν.
793 3849 893 3897 VS.
941 3827 1153 3900 1147:
1384 3837 1437 3896 τί
1484 3826 1639 3901 δῆτα
1681 3826 1853 3906 πόδες
1893 3854 1955 3899 ἂν
2001 3837 2104 3896 οὐκ
2147 3850 2208 3894 ἂν
2260 3837 2651 3922 ἐργασαίατο;

617 3961 777 4029 Pac.
832 3981 931 4031 VS.
981 3961 1149 4031 646:
1821 3972 1860 4033 ὴ
1907 3958 1966 4028 δ’
2012 3962 2236 4038 Ἕλλας
2281 3980 2342 4027 ἀν

1378 4096 1775 4183 ἐξερημωθεῖσ’
1821 4114 1882 4159 ἀν
1928 4102 2078 4182 ὑμᾶς
2124 4093 2342 4161 ἔλαθεν.

616 4224 789 4293 Ach.
841 4245 940 4294 vs.
992 4225 1156 4295 2¹17:
1389 4223 1508 4291 οὐδ’
1556 4250 1619 4297 ἂν
1655 4227 1917 4318 ἐλαφρῶς
1961 4243 2022 4291 ἀν
2067 4224 2441 4304 ἀπεπλίξατο.

613 4358 715 4426 De
778 4358 939 4447 [γε.
1007 4380 1106 4428 νε.
1160 4357 1300 4428 ’113
1366 4365 1479 4449 ἐγὼ
1527 4365 1629 4447 μὲν
1676 4375 1740 4423 ειν
1787 4374 1886 4424 κᾶν
1931 4369 1976 4425 εἰ
2021 4360 2159 4428 vid.
2205 4360 2372 4449 Cap.
2423 4360 2520 4428 III
2569 4366 2610 4442 ξ
2656 4361 2719 4429 4.

612 4490 972 4560 Particula
1041 4506 1103 4601 ⁰²?
1167 4493 1521 4580 repetitur
1591 4492 2089 4561 tantummodo
2152 4492 2344 4582 apud
2416 4500 2558 4580 opt.
2609 4499 2754 4582 pot.
2803 4501 2873 4562 et

521 4624 711 4711 apud
761 4631 987 4713 praet.
1033 4625 1216 4712 ind.,
1261 4640 1629 4713 nunquam
1672 4626 1862 4718 apud
1904 4626 2477 4710 coniunctivum‚
2516 4627 2683 4718 quia
2709 4648 2869 4719 par-
