3484 5609
1730 543 1820 610 22

522 743 527 748 ’
610 738 763 807 fieri
811 745 1150 827 oporteat.
1201 737 1317 806 Sic
1365 758 1878 827 nonnunquam
1928 733 2037 802 ἔδει
2082 737 2271 805 idem
2317 737 2702 827 significat,
2755 738 2942 827 quod

610 866 696 934 δεῖ
742 892 798 938 e.
850 892 912 960 g.
966 873 1124 959 Lys.
1173 871 1351 941 1216
1395 884 1769 963 παραχωρεῖν
1817 868 1926 937 ἔδει
1974 879 2156 959 ὑμᾶς,
2187 872 2385 964 ΒΜ).
2437 893 2537 940 νε.
2585 871 2674 939 12
2719 880 2772 937 τί
2817 868 2941 942 δῆτ’

611 1000 722 1069 ἔδει
788 1030 859 1091 με
927 1014 1115 1071 ταῦτα
1179 1015 1255 1070 τα
1325 1011 1503 1075 σκεύη
1570 1010 1781 1097 φέρειν,
1853 1026 1993 1074 non
2069 1006 2294 1095 liquet
2362 1013 2604 1076 utrum
2675 1002 2783 1071 ἔδει
2853 1027 2938 1075 an

610 1133 696 1202 δεῖ
766 1139 1247 1207 adhibendum
1315 1140 1444 1225 sit,
1531 1141 1849 1229 quamvis
1921 1141 2317 1208 sententiae
2387 1140 2707 1209 diversae
2778 1143 2941 1210 sint.

609 1269 773 1336 Ἔδει
843 1274 1148 1361 pertinet
1218 1272 1304 1340 ad
1375 1278 1658 1362 tempus
1730 1293 1872 1361 quo
1938 1272 2268 1341 dominus
2341 1293 2503 1342 cum
2552 1293 2763 1342 servo
2811 1276 2946 1343 iter

611 1406 1082 1494 suscipiebat,
1145 1402 1233 1471 δεῖ
1290 1406 1377 1475 ad
1429 1407 1561 1475 hoc
1609 1408 1841 1495 ipsum
1894 1413 2175 1496 tempus
2228 1428 2369 1495 quo
2416 1407 2764 1476 Xanthias
2813 1408 2946 1477 hoc

613 1540 804 1607 dicit.
878 1540 987 1608 Ad
1056 1541 1247 1610 hunc
1312 1542 1709 1630 imperfecti
1774 1562 1979 1610 usum
2042 1542 2116 1609 in
2166 1561 2491 1609 sermone
2532 1541 2946 1630 quotidiano

611 1694 946 1764 compara
991 1697 1054 1742 v.
1104 1695 1163 1743 c.
1213 1675 1373 1743 Pac.
1422 1674 1590 1744 143:

1125 1893 1381 1972 ἐπιτηδὲς
1428 1898 1642 1999 εἰχον
1688 1893 1967 1968 πηδάλιον
2014 1898 2060 1985 ᾧ
2104 1904 2417 1990 χρήσομαι.

703 2120 878 2188 Ran.
930 2141 1027 2188 vs.
1076 2119 1164 2188 37
1211 2119 1427 2188 verbo
1475 2115 1585 2184 ἔδει
1633 2141 1811 2209 opus
1861 2128 2007 2207 est,
2057 2121 2224 2210 quia
2271 2121 2388 2189 hic
2430 2121 2724 2207 dicitur,
2776 2121 2947 2210 quid

616 2272 756 2321 non
830 2254 1096 2324 factum
1167 2254 1295 2339 sit,
1381 2255 1703 2342 quamvis
1777 2260 2099 2341 oporteat
2172 2253 2439 2321 factum
2509 2274 2684 2322 esse.
2754 2254 2946 2322 Idem

616 2388 967 2476 significat
1013 2384 1122 2453 ἔδει
1164 2388 1356 2457 Eccl.
1409 2409 1507 2455 vs.
1559 2387 1770 2466 1077,
1822 2389 1946 2456 ubi
1996 2387 2306 2456 Cobetus
2332 2388 2516 2456 hanc
2542 2388 2630 2456 ob
2660 2407 2946 2457 causam

614 2542 680 2584 σε
727 2515 815 2585 δεῖ
855 2522 928 2588 in
977 2527 1030 2586 σ’
1077 2518 1188 2587 ἔδει
1232 2523 1553 2591 mutavit.

704 2654 996 2724 Nullum
1067 2655 1447 2723 discrimen
1521 2655 1723 2722 video
1795 2657 1985 2723 inter
2055 2655 2395 2723 vocabula
2457 2666 2607 2747 χρῆν
2655 2661 2725 2722 et
2773 2661 2949 2745 ἐχρῆν

547 2796 551 2800 “
616 2789 700 2856 cf.
754 2790 877 2855 Av.
929 2809 1026 2855 νε.
1075 2788 1242 2875 364,
1291 2787 1502 2872 1177,
1550 2786 1751 2856 1201.
1800 2788 1924 2878 Eq.
1975 2787 2080 2856 11.
2133 2788 2308 2856 Ran.
2345 2788 2513 2873 152,
2560 2789 2949 2877 568.Vesp.
3013 2819 3024 2829 ν

614 2920 809 2988 1148.
877 2920 1353 3000 Quamobrem
1413 2943 1554 2989 non
1604 2922 1859 3011 liquet,
1925 2929 2168 2991 utrum
2217 2922 2405 2990 Eccl.
2457 2942 2554 2989 νε.
2604 2922 2737 2990 404
2786 2943 2947 2990 cum

614 3055 971 3123 Brunckio
1035 3060 1094 3141 μ’
1155 3061 1366 3146 ἐχρῆν,
1429 3074 1518 3122 an
1568 3075 1729 3124 cum
1780 3056 2035 3123 ceteris
2080 3080 2151 3142 με
2198 3066 2347 3145 χρῆν
2395 3055 2772 3144 legendum
2822 3056 2949 3136 sit,

614 3210 845 3278 neque
891 3189 1223 3277 intellego
1272 3207 1492 3277 quare
1537 3212 1607 3274 με
1653 3194 1777 3277 χρῆ
1825 3189 2013 3277 quod
2062 3189 2322 3277 legitur
2369 3189 2499 3257 cod
2550 3188 2725 3256 Rs.
2775 3189 2948 3277 (vid.

618 3320 823 3389 Dind.
873 3322 916 3389 l.
967 3322 1046 3411 1.)
1100 3324 1191 3390 sit
1240 3321 1782 3411 repudiandum.

1254 3696 1315 3763 4.
1410 3686 1504 3763 De
1542 3697 1874 3784 particula
1920 3699 1991 3759 ἄν
2038 3696 2298 3763 omissa.

710 3944 1120 4012 Ceterorum
1167 3942 1543 4027 verborum
1591 3946 2056 4034 praeteritum
2105 3945 2180 4012 in
2231 3965 2307 4012 re
2354 3965 2497 4011 non
2543 3944 2727 4012 facta
2769 3964 2951 4012 sem-

619 4099 746 4167 per
795 4100 956 4148 cum
1002 4078 1349 4168 particula
1396 4081 1466 4142 ἄν
1515 4080 1957 4147 construitur
2004 4079 2144 4146 nisi
2186 4078 2367 4147 forte
2417 4079 2593 4146 haec
2634 4077 2723 4144 ad
2749 4097 2951 4166 prae-

619 4211 877 4280 cedens
929 4211 1220 4280 verbum
1269 4212 1498 4301 posita
1545 4212 1631 4278 ad
1680 4232 1988 4300 sequens
2038 4211 2242 4280 facile
2284 4218 2521 4279 mente
2566 4211 2952 4299 repetitur,

619 4351 690 4413 et
737 4364 892 4413 eam
941 4344 1029 4413 ob
1078 4365 1364 4413 causam
1414 4344 1788 4413 omittitur.
1843 4344 1941 4413 Cf.
1994 4346 2120 4412 Av.
2173 4366 2270 4412 vs,
2322 4343 2488 4431 791,
2538 4343 2670 4411 792
2694 4350 2765 4412 et
2788 4343 2953 4429 796,

621 4477 745 4546 ubi
812 4476 1028 4546 verba
1096 4481 1402 4564 ἀνέπτετο,
1464 4482 1772 4543 κατέπτετο
1842 4484 1912 4547 et
1959 4480 2223 4552 καθέζετο
2255 4477 2625 4570 ‘particula
2674 4483 2954 4564 carent,

624 4611 790 4704 quia
851 4613 1172 4700 proxime
1219 4611 1668 4681 antecedenti
1717 4613 1933 4681 verbo
1980 4613 2303 4702 apposita
2351 4616 2478 4681 est.
