3484 5609
515 573 650 642 110
1530 601 1839 651 russas,

1607 857 1766 917 XIX.

612 1012 834 1081 Recte
905 1013 1535 1083 Weissenbornius
1605 1016 1755 1083 Liv.
1828 1016 1978 1084 Lib.
2049 1017 2085 1084 1
2151 1015 2318 1105 Cap.
2374 1016 2466 1084 36
2520 1036 2650 1104 pro
2696 1017 2864 1085 Mss,

523 1144 829 1212 lectione
878 1145 1072 1214 mille
1118 1154 1189 1216 et
1238 1148 1631 1236 octingenti
1673 1149 1953 1237 equites
1999 1150 2179 1217 mille
2221 1157 2281 1216 et
2325 1148 2584 1217 ducenti
2626 1150 2869 1238 equites

526 1277 836 1365 scripsit.

1627 1422 1759 1482 XX.

616 1581 978 1649 Dictatore
1029 1581 1220 1649 dicto
1269 1602 1409 1650 non
1459 1582 1859 1652 secundum
1918 1582 2289 1672 Polybium
2340 1583 2491 1651 Lib.
2542 1583 2643 1652 111
2697 1580 2866 1670 Cap.
2934 1617 2938 1622 ·

530 1712 620 1781 87
689 1733 934 1782 omnes
1004 1715 1465 1804 magistratus
1537 1695 1820 1804 praeter
1890 1715 2220 1784 tribunos
2285 1714 2512 1805 plebis
2575 1736 2868 1783 munere

526 1866 603 1914 se
649 1811 1102 1915 abdicabant:

1615 2016 1778 2077 XXI.

614 2175 822 2244 Corn.
871 2174 1047 2264 Nep.
1097 2176 1284 2244 vitae
1331 2175 1507 2245 Milt.
1559 2175 1727 2265 Cap.
1778 2176 1849 2262 1,
1896 2175 1958 2244 2.
2011 2176 2113 2244 Ex
2137 2175 2251 2244 his
2277 2175 2534 2244 delecti
2559 2175 2869 2263 Delphos

532 2307 1004 2377 deliberatum
1064 2309 1266 2377 missi
1317 2314 1484 2377 sunt
1540 2308 1697 2399 [qui
1738 2309 2194 2378 consulerent
2216 2305 2690 2397 Apollinem]‚
2729 2326 2869 2395 quo
2943 2398 2949 2403 ⁸

525 2440 976 2528 potissimum
1025 2439 1207 2508 duce
1255 2446 1648 2508 uterentur.

616 2572 930 2641 Delenda
977 2579 1149 2642 sunt
1196 2572 1580 2654 vocabula,
1641 2592 1824 2660 quae
1874 2572 2079 2640 uncis
2126 2571 2405 2639 inclusi.

1608 2766 1799 2827 XXII.

620 2926 865 2995 Cicero
937 2928 1012 2993 in
1086 2924 1383 2995 Verrem
1453 2924 1606 2994 Lib.
1678 2925 1739 2994 V
1811 2924 1978 3013 Cap.
2046 2923 2137 2992 10
2203 2929 2245 3006 ἓ
2299 2923 2390 2992 26
2450 2923 2558 2992 ed.
2609 2923 2872 2992 Halmii

526 3057 824 3146 legitur:

622 3191 765 3259 dici
813 3190 1127 3259 brevitas
1175 3190 1560 3273 conviviis,
1607 3190 1842 3257 noctis
1890 3189 2258 3277 longitudo
2284 3190 2554 3276 stupris
2578 3195 2647 3256 et
2673 3187 2871 3275 flagi-

535 3324 655 3391 tiis
705 3324 1160 3392 continebatur.
1211 3320 1686 3394 Scribendum
1734 3328 1845 3390 est
1889 3321 2341 3412 conterebatur.

1594 3578 1819 3638 XXIII.

624 3736 752 3804 Ov,
835 3736 1001 3805 Met.
1075 3736 1241 3804 VIII
1311 3757 1411 3804 vs.
1481 3735 1634 3804 665.
1707 3736 2144 3825 conditaque
2202 3737 2277 3803 in
2339 3734 2607 3823 liquida
2655 3754 2871 3803 corna

534 3869 977 3939 autumnalia
1026 3869 1239 3937 faece.

628 4003 768 4070 Pro
813 4002 1196 4089 conditaque
1241 3998 1599 4069 scribatur
1642 4002 1901 4069 condita
1946 4021 1988 4069 a
2036 4000 2250 4068 verbo
2297 3999 2693 4068 condiendi.

1596 4193 1814 4254 XXIV.

630 4353 801 4424 Sall.
862 4352 1036 4423 Bell.
1084 4353 1232 4442 Iug.
1285 4351 1452 4441 Cap.
1500 4352 1786 4420 LXVIII
1832 4353 1896 4421 2.
1991 4349 2369 4420 Planitiem
2418 4348 2592 4417 locis
2638 4351 2875 4438 paullo

543 4487 1034 4577 superioribus
1096 4487 1676 4556 circumventam.
2226 4491 2233 4497 '

632 4620 1004 4692 Scribatur
1050 4621 1327 4689 cinctam
1375 4638 1507 4714 pro
1553 4621 2075 4692 circumventam.
