3484 5609
1715 528 1807 597 86

589 721 916 806 ticulam,
966 741 1151 811 quae
1199 722 1286 789 ad
1338 722 1874 791 coniunctivum
1925 724 2269 812 pertinet,
2319 744 2603 813 semper
2652 731 2925 793 certum

587 852 823 921 locum
869 854 944 922 in
993 855 1346 922 sententia
1394 854 1717 924 obtinere
1768 854 2077 925 vidimus
2128 861 2169 939 ἓ
2217 855 2281 924 1.

675 986 1311 1055 Animadversione
1383 994 1620 1056 tamen
1691 987 1953 1077 dignus
2027 994 2137 1057 est
2201 987 2403 1058 locus
2451 989 2577 1077 Eq.
2621 1009 2722 1057 vs.
2763 988 2928 1057 1108

588 1119 712 1188 ubi
760 1118 925 1188 libri
972 1119 1351 1208 praebent:

801 1256 1058 1344 ὁπότερος
1104 1270 1165 1317 ἄν
1212 1263 1368 1344 σφῷν
1416 1252 1475 1318 εὖ
1521 1277 1591 1341 με
1635 1252 1857 1341 μᾶλλον
1900 1270 1962 1317 ἀν
1997 1264 2130 1342 ποιῇ

802 1390 981 1472 τούτῳ
1046 1381 1388 1476 παραδώσω
1434 1397 1536 1460 τῆς
1582 1393 1792 1463 πυκνὸς
1836 1395 1940 1461 τάς
1985 1391 2168 1461 ἡνίας.
2262 1386 2460 1467 Quae
2509 1388 2723 1457 lectio
2767 1389 2925 1477 quia

585 1518 879 1606 regulae
927 1524 1316 1608 repugnat,
1367 1519 1671 1588 Dindorf
1712 1519 1966 1589 scribit
2013 1518 2089 1584 αὖ
2133 1532 2266 1608 ποιῇ
2292 1540 2422 1610 pro
2462 1532 2715 1610 ᾱνποιῇ,
2758 1522 2924 1589 Her-

586 1669 892 1718 mannus
964 1654 1038 1713 ἂν
1107 1662 1259 1739 ποιῇ.
1337 1652 1527 1739 (Vid.
1597 1653 1837 1721 Herm.
1888 1650 2039 1720 Lib.
2091 1652 2184 1720 IV
2232 1653 2401 1742 Cap.
2447 1654 2494 1723 5
2538 1674 2698 1743 pag.
2746 1654 2924 1742 191.)

587 1782 904 1852 Kockius
953 1791 1051 1846 νῦν
1096 1794 1269 1872 ποιῇ,
1317 1784 1699 1874 Bergkius:

855 1911 862 1914 ¹
1014 1919 1271 2005 ὁπότερος.
1319 1934 1381 1980 ἀν
1427 1927 1581 2006 σφῷν
1627 1925 1725 1982 νῦν
1764 1941 1835 2005 με
1879 1917 2098 2005 μᾶλλον
2144 1916 2205 1981 εὖ
2248 1930 2379 2007 ποιῇ

587 2047 972 2118 Videamus
1019 2061 1372 2139 quaenam
1413 2050 1625 2119 lectio
1668 2051 1762 2120 sit
1787 2051 2074 2140 optima.
2126 2049 2344 2119 Cleon
2371 2058 2443 2120 et
2469 2051 2927 2141 Agoracritus

589 2181 1061 2252 blandiuntur
1116 2183 1378 2269 Dem0‚
1440 2185 1556 2253 cui
1599 2183 2074 2273 Agoracritus
2124 2185 2350 2274 magis
2399 2187 2669 2274 placet,
2718 2205 2928 2274 quam

584 2315 947 2400 aemulus3
1020 2315 1187 2384 huic
1259 2316 1448 2384 enim
1522 2317 1788 2386 Demus
1859 2337 1937 2386 se
1985 2317 2434 2386 committere
2483 2338 2560 2386 se
2611 2318 2784 2386 dicit
2832 2338 2926 2385 vs.

586 2447 797 2516 1098:

1024 2592 1123 2647 καὶ
1166 2591 1266 2647 νῦν
1312 2587 1557 2669 ἐμαυτὸν
1602 2587 1885 2673 ἐπιτρέπω
1931 2606 2017 2646 σοι
2063 2585 2272 2648 τουτονὶ

1023 2708 1467 2806 γερονταγωγεῖν
1512 2710 1950 2779 κάναπαιδεύειν
1996 2714 2184 2783 πάλιν.
2251 2715 2406 2795 Quo
2447 2714 2691 2784 audito
2718 2714 2930 2783 Cleon
3020 2779 3027 2788 ,

595 2848 660 2915 ei
723 2846 1076 2935 promittit
1139 2847 1487 2917 hordeum
1536 2848 2035 2937 quotidianum
2062 2901 2079 2933 ‚
2128 2854 2198 2916 et
2246 2854 2625 2937 postquam
2671 2847 2931 2915 Demus

593 2981 729 3048 hoc
811 2987 1237 3070 aspernatus
1310 2988 1451 3062 est,
1542 2982 1859 3050 triticum
1932 2986 2376 3070 apparatum.
2456 2967 2939 3069 *Agoracritus

590 3121 830 3181 autem
861 3115 923 3181 ei
951 3115 1307 3202 promittit
1331 3134 1588 3204 panem
1617 3115 2094 3184 hordeaceum
2112 3121 2184 3183 et
2202 3114 2576 3183 obsonium
2594 3120 2929 3183 assatum.

596 3246 824 3321 Quam
872 3245 962 3315 ob
1013 3265 1163 3314 rem
1211 3247 1477 3315 Demus
1504 3246 1766 3316 dubius
1794 3248 2096 3315 haerens
2118 3301 2134 3332 ,
2177 3266 2397 3336 quem
2423 3244 2673 3336 eligat,
2698 3246 2832 3314 ‘cui
2859 3266 2935 3314 se

591 3380 1106 3447 commissurus
1155 3380 1286 3464 sit,
1336 3386 1718 3468 utrumque
1765 3378 1965 3448 iubet
2013 3399 2141 3448 sua
2169 3380 2354 3448 dona
2382 3380 2624 3447 statim
2649 3378 2934 3464 afferre,

592 3512 761 3600 quia
809 3512 875 3580 ei
920 3512 1303 3601 imperium
1353 3513 1750 3581 traditurus
1799 3514 1892 3582 sit
1940 3513 2058 3601 qui
2096 3512 2333 3600 ipsum
2364 3512 2692 3579 maximis
2716 3510 2931 3579 bene-

595 3643 775 3713 ficiis
815 3643 1151 3713 affecerit.
1201 3644 1359 3713 Non
1400 3646 1621 3736 igitur
1661 3646 1777 3714 hic
1817 3643 2168 3713 Dindorfii
2207 3644 2497 3713 lectioni
2542 3642 2617 3707 αὖ
2670 3645 2933 3726 iterum,

593 3779 802 3847 denuo
871 3778 1072 3846 locus
1135 3785 1281 3864 est,
1353 3778 1478 3846 sed
1544 3779 1795 3847 Kockii
1859 3783 1930 3846 et
1996 3777 2283 3867 Bergkii
2330 3786 2427 3842 νῦν
2473 3798 2648 3845 nunc
2693 3777 2932 3844 statim.

589 3911 920 3979 Praefero
987 3918 1225 3980 autem
1292 3912 1552 4000 prioris
1615 3912 2035 3996 lectionem,
2085 3911 2338 3979 Kockii
2385 3909 2579 3992 vo10‚
2629 3909 2789 3999 quia
2832 3910 2936 3977 ita

588 4043 811 4112 levior
876 4042 1371 4113 tantummodo
1439 4044 1742 4112 mutatio
1816 4042 2111 4112 voculae
2157 4058 2220 4106 ἄν
2265 4043 2342 4111 in
2388 4052 2485 4106 νῦν
2532 4040 2936 4111 adhibenda

591 4183 720 4245 est.
790 4177 1183 4245 Hermanni
1235 4179 1646 4246 coniectura
1692 4181 1765 4240 ἂν
1808 4187 1938 4265 ποιῇ
1987 4175 2368 4246 scribentis
2416 4177 2592 4245 mihi
2642 4195 2936 4265 prorsus

592 4328 735 4377 non
781 4308 1050 4398 placet,
1113 4310 1343 4398 primo
1390 4311 1558 4398 quia
1606 4308 1847 4378 nullus
1895 4309 2085 4399 apud
2132 4309 2687 4399 Aristophanem
2736 4309 2934 4377 locus

590 4431 891 4511 indicari
968 4448 1237 4531 potest,
1307 4443 1431 4511 ubi
1501 4442 1798 4512 verbum
1869 4443 1970 4511 ita
2034 4443 2376 4511 omissum
2428 4443 2561 4527 sit,
2630 4448 2711 4511 ut
2759 4442 2935 4511 haec

595 4576 979 4644 vocabula:
1030 4579 1286 4666 ὁπότερος
1334 4591 1396 4638 ἀν
1443 4587 1600 4665 σφῷν
1639 4574 1697 4639 εὗ
1736 4599 1808 4661 με
1832 4574 2047 4662 μᾶλλον
2070 4579 2142 4639 ἂν
2165 4581 2297 4663 ποιῇ
2320 4575 2508 4644 idem
2536 4573 2936 4664 significare
