3484 5609
1688 585 1734 650 9

542 779 912 868 ponendus
981 785 1124 863 est,
1183 779 1305 867 qui
1365 779 1441 845 in
1489 778 1852 847 nonnullis
1901 777 2076 846 MSS
2125 778 2387 867 legitur
2441 778 2610 865 (vid.
2667 777 2872 846 Dind.

543 913 585 980 l.
636 911 749 1000 1.),
796 920 914 980 aut
960 912 1048 979 ad
1096 913 1491 1001 optativum
1540 912 1966 1000 particulam
2002 912 2621 997 &desideramuffi
2664 931 2877 1000 quam

544 1046 633 1113 ob
702 1066 854 1113 rem
924 1037 1375 1114 Hermannus
1447 1046 1871 1114 vocabulum
1942 1049 2079 1109 ἄνευ
2137 1048 2210 1113 in
2281 1048 2352 1109 άν
2421 1052 2481 1109 ἐκ
2558 1045 2878 1113 mutavit.

548 1177 737 1266 (Vid.
804 1178 1010 1246 Dind.
1074 1179 1119 1246 l.
1189 1180 1290 1265 1.).
1345 1179 1693 1268 Equidem
1744 1180 1913 1248 huic
1963 1180 2354 1247 Hermanni
2402 1179 2881 1247 emendationi

543 1314 896 1381 assentior
956 1333 1119 1379 cum
1183 1319 1473 1401 propter
1536 1312 1921 1382 articulum
1969 1324 2104 1399 τῆς,
2179 1334 2360 1401 quae
2405 1310 2699 1389 κατοξείας
2742 1310 2881 1396 βοῆς

546 1448 828 1532 definit,
889 1454 1043 1515 tum
1106 1447 1271 1535 quia
1337 1445 1682 1513 vocabula
1742 1449 1877 1509 ἄνευ
1924 1453 2122 1533 μάχης
2172 1446 2542 1514 abundant
2588 1445 2677 1513 ad
2726 1467 2881 1515 ver-

545 1603 703 1650 sum
773 1586 1226 1668 sequentem3
1300 1599 1442 1646 non
1517 1580 1708 1647 enim
1772 1598 1896 1642 ἀνευ
1942 1588 2149 1665 μάχης
2196 1579 2318 1648 sed
2367 1583 2430 1643 ἐκ
2478 1588 2682 1666 μάχης
2728 1582 2770 1646 i.
2821 1601 2878 1647 e.

548 1723 706 1806 post
753 1733 1104 1803 pugnam,
1152 1732 1398 1802 pacem
1449 1714 1964 1801 componimus,
2018 1713 2248 1781 Verba
2296 1718 2357 1777 ἐκ
2401 1722 2601 1801 μάχης
2643 1719 2879 1780 autem

545 1849 940 1917 sententiae
989 1848 1574 1935 perspicuitatem
1622 1854 1907 1936 augent.

630 1984 692 2068 c)
791 1983 871 2050 In
940 1981 1315 2049 sententiis
1389 1979 1762 2065 finalibus,
1830 1999 2011 2069 quae
2074 2000 2115 2047 a
2182 1982 2684 2048 coniunctione
2732 1983 2883 2053 ὅπως

543 2118 914 2204 incipiunt.
966 2114 1066 2183 Cf.
1113 2114 1300 2182 Eccl.
1330 2133 1428 2181 vs
1455 2112 1607 2181 881.
1664 2113 2047 2208 Videamus
2081 2119 2319 2182 autem
2370 2113 2557 2181 Eccl.
2587 2134 2683 2181 vs.
2713 2113 2879 2180 916:

1225 2308 1383 2372 κάλει
1429 2316 1520 2373 τὸν
1568 2308 1963 2400 Ὀρθαγόραν,
2014 2312 2161 2382 ὅπως

1227 2452 1451 2515 σαυτῆς
1496 2447 1741 2506 κατόναι’
1758 2492 1776 2525 ,
1822 2439 2104 2525 α’ντιβολῶ
2149 2466 2234 2510 σε.

635 2649 845 2718 Nullo
919 2647 1127 2716 modo
1191 2647 1305 2715 hic
1370 2653 1510 2734 opt.
1578 2647 1918 2734 explicari
1982 2652 2214 2736 potest
2273 2648 2409 2713 nisi
2457 2646 2735 2716 adiecta
2777 2670 2885 2716 se-

547 2783 860 2850 cundum
926 2782 1412 2849 Hermannum
1478 2779 1827 2868 particula
1874 2782 1964 2846 ἄν.
2036 2779 2226 2864 (Vid.
2279 2779 2482 2847 Dind.
2536 2781 2577 2846 l.
2629 2781 2733 2869 l.).
2784 2781 2884 2850 Cf.

549 2915 715 3004 Cap.
763 2915 826 2983 II
876 2919 916 2997 ἓ
964 2914 1027 2982 4.

631 3048 728 3116 30.
822 3049 983 3116 Aor.
1051 3054 1193 3136 opt.
1259 3067 1424 3115 cum
1484 3049 1555 3108 ἄν
1617 3045 1918 3113 eandem
1982 3044 2572 3133 significationem
2620 3048 2882 3117 habere

545 3203 752 3271 quam
823 3182 949 3250 fut.
1018 3180 1163 3248 ind.
1232 3188 1462 3269 patet,
1529 3181 1591 3247 si
1652 3186 1944 3268 propter
1988 3180 2418 3247 sententiam
2467 3189 2886 3269 sequentem

545 3319 671 3385 lut.
742 3315 887 3383 ind.
952 3315 1086 3382 fuit
1150 3315 1706 3403 expectandum;
1784 3335 1841 3382 e.
1916 3335 1978 3400 g.
2053 3312 2235 3382 Plut.
2313 3333 2413 3382 vs.
2487 3314 2621 3382 279
2683 3336 2884 3406 seqq.

547 3450 776 3519 Choro
839 3451 1122 3539 roganti
1188 3448 1596 3529 Carionem‚
1663 3468 1878 3537 quam
1942 3449 2031 3515 ob
2092 3468 2241 3515 rem
2289 3450 2483 3535 ipsos
2535 3452 2891 3518 vocaverit

546 3586 662 3652 hic
711 3583 1094 3672 respondet
1140 3581 1306 3650 284:
1357 3580 1483 3645 ἀλλ’
1554 3587 1734 3646 οὐκέτ’
1804 3583 1876 3645 ἂν,
1939 3581 2252 3672 κρύψαιμι,
2319 3591 2387 3648 αἰ
2430 3604 2561 3649 non
2608 3586 2890 3680 ampliu-s·

547 3719 788 3803 celabo,
853 3723 923 3784 et
987 3717 1229 3783 statim
1291 3721 1534 3782 narrat
1587 3715 1661 3782 id
1709 3715 1900 3803 quod
1940 3715 2052 3783 his
2096 3715 2331 3783 verbis
2373 3717 2734 3804 promisit:
2798 3724 2889 3782 τὸν

548 3850 801 3916 Πλοῦτον
870 3861 1021 3942 γάρ,
1087 3847 1332 3941 ὧνδρες,
1403 3857 1524 3920 ἥκει
1593 3854 1749 3939 ἄγων
1820 3861 1847 3913 b
1914 3846 2232 3935 δεσπότης,
2300 3852 2504 3939 quasi
2568 3852 2695 3919 fut.
2744 3853 2887 3919 ind.

549 3983 949 4054 adhibitum
997 3991 1204 4052 esset.
1250 3984 1350 4053 Cf.
1398 3984 1526 4053 Av.
1578 4005 1678 4052 vs,
1726 3984 1895 4051 201:
1954 3995 2073 4058 πῶς
2117 3980 2243 4054 δῆτ’
2297 3986 2369 4048 άν
2414 3990 2615 4060 αὐτοὺς
2659 4009 2888 4075 συγκα-

547 4118 802 4204 λὲσειας;
869 4118 994 4188 Cui
1049 4120 1449 4208 quaestioni
1497 4119 1884 4187 Pithetaeri
1928 4119 2165 4207 Epops
2207 4119 2590 4206 respondet
2630 4120 2890 4188 futuris

547 4252 689 4319 ind.
753 4252 1034 4340 καλοῦμεν
1085 4260 1156 4320 et
1198 4255 1524 4339 Θεύσονται,
1577 4252 1767 4321 unde
1809 4259 2004 4340 patet
2050 4253 2265 4319 etiam
2312 4252 2503 4320 hunc
2553 4273 2695 4321 aor.
2747 4261 2887 4342 opt.

550 4407 713 4455 cum
761 4409 821 4451 ἀν
869 4389 1092 4457 futuri
1141 4389 1283 4455 ind.
1336 4387 1930 4477 significationem
1979 4386 2263 4454 habere.

638 4522 740 4589 De
809 4524 1075 4590 aoristo
1146 4522 1442 4610 optativi
1514 4542 1676 4590 cum
1744 4542 1810 4584 ἅν
1869 4522 2251 4589 coniuncto
2318 4541 2479 4587 cum
2539 4523 2892 4589 sententia

553 4632 1052 4738 conditionali,
1118 4654 1494 4744 temporali
1558 4656 1665 4722 vel
1728 4654 2291 4742 relativa„quae
2338 4655 2589 4742 incipit
2636 4674 2676 4721 a
2724 4674 2889 4722 con-

2627 4766 2656 4812 2
