3484 5609
1840 522 1930 592 12

2690 609 2740 670 Ὺ

726 740 887 789 cum
952 719 1427 807 dubitatione,
1496 720 1581 787 de
1644 740 1785 809 qua
1846 741 1921 789 re
1970 720 2135 809 Cap.
2186 721 2214 788 I
2264 720 2324 787 A
2373 726 2413 802 ξ
2461 720 2505 787 2
2569 721 2896 789 diximus.
2951 719 3050 788 Cf.

726 873 937 944 porro
1007 853 1132 920 Av.
1192 873 1290 921 vs.
1337 852 1460 933 45,
1509 851 1676 937 370,
1723 851 1935 937 1017,
1985 853 2166 922 Nub.
2219 875 2316 922 νε.
2368 852 2535 940 753,
2583 854 2795 940 1231,
2840 852 3053 937 1432,

730 987 912 1056 Eccl.
964 1007 1061 1055 νε.
1109 985 1262 1072 806,
1320 986 1501 1055 Plut.
1556 1006 1650 1055 vs.
1712 986 1898 1055 1035.

814 1122 975 1189 Aor.
1048 1128 1189 1209 opt.
1262 1139 1425 1187 cum
1488 1138 1549 1183 ow
1613 1120 1766 1188 sine
1832 1120 2281 1205 conditione,
2331 1122 2454 1210 qui
2505 1120 2970 1189 nihilominus
3017 1140 3057 1187 a

726 1254 852 1323 fut.
915 1253 1056 1321 ind.
1121 1253 1426 1323 multum
1477 1251 1745 1339 differt,
1807 1253 2225 1343 plerumque
2273 1255 2583 1322 occurrit
2630 1255 2704 1321 in
2750 1257 3056 1322 interro·

725 1387 1146 1477 gationibuS.

814 1522 939 1589 Αν.
988 1542 1088 1589 νε.
1137 1520 1303 1590 373;

1039 1728 1157 1792 πῶς
1204 1713 1255 1783 δ’
1300 1719 1372 1782 ἂν
1417 1712 1517 1783 οἷδ’
1566 1722 1719 1805 ἡμᾶς
1769 1741 1821 1782 τι
1869 1724 2155 1807 χρήσιμον
2206 1712 2498 1793 διδάξειάν
2545 1740 2676 1782 ποτε

1041 1854 1078 1920 ἢ
1122 1862 1399 1943 φράσειαν
1418 1903 1432 1932 ,
1481 1852 1631 1927 ὅντες
1676 1853 1867 1941 ἐχθροὶ
1915 1863 2057 1915 τοῖσι
2103 1858 2354 1924 πάπποις
2400 1862 2509 1926 τοῖς
2551 1849 2731 1937 ἐμοῖς;

814 2047 952 2117 Ubi
1020 2049 1474 2139 participium
1546 2050 1695 2123 ’ὀντες
1769 2054 2158 2136 usurpatur
2229 2067 2369 2116 non
2445 2048 2597 2115 loco
2662 2048 3061 2115 sententiae

727 2181 1224 2251 conditionalis
1268 2183 1357 2269 (si
1402 2183 1564 2269 sint)
1614 2182 1739 2251 sed
1788 2183 2125 2251 relativae
2178 2182 2329 2271 (qui
2373 2155 2616 2268 suno)

817 2316 1045 2384 Aliter
1093 2336 1259 2384 vero
1309 2316 1804 2405 explicandum
1847 2325 1955 2385 est
2003 2316 2454 2406 participium
2487 2315 2694 2404 Vesp.
2723 2334 2821 2381 vs.
2846 2312 3060 2381 1195:

723 2460 841 2514 πῶ5
920 2468 981 2512 ἂν
1064 2454 1386 2537 μαχέσαιτο
1470 2457 1819 2540 παγκράτιον
1903 2453 2114 2540 Θώραιδ
2197 2451 2349 2535 ἔχων
2371 2500 2385 2529 ,
2472 2419 2593 2517 ubli
2660 2448 2808 2533 ἔχων
2869 2446 3061 2514 idem

727 2551 1079 2673 significet
1149 2604 1230 2651 ac
1270 2585 1362 2653 ‘si
1431 2584 1789 2673 legeretur
1858 2593 1900 2648 εἰ
1962 2585 2077 2669 ἔχοι
2147 2585 2295 2670 (πῶς
2342 2582 2420 2649 V.
2469 2592 2589 2657 πῶς
2632 2574 2683 2645 δ’
2722 2581 2794 2644 ἂν
2842 2581 3064 2649 ceteri

731 2718 816 2786 cf.
864 2718 1071 2786 Dind.
1121 2718 1163 2786 l.
1215 2718 1319 2804 l.).

817 2850 917 2919 Cf.
967 2851 1247 2920 Thesm.
1299 2872 1399 2921 vs.
1450 2851 1613 2920 715:

1271 3028 1350 3096 τίς
1395 3025 1465 3085 ἄν
1511 3044 1632 3102 σοι,
1682 3030 1762 3097 τίς
1806 3023 1878 3086 ἂν
1923 3018 2226 3108 ξύμμαχος
2272 3025 2335 3083 ἐκ
2379 3021 2514 3084 Θεῶν

1272 3158 1569 3220 ἀθανάτων
1616 3153 1758 3219 ἔλθοι
1781 3151 1903 3231 ’ξὺν
1948 3149 2158 3228 ἀδίκοις
2204 3155 2411 3244 ἕργοις;

731 3351 850 3419 ubi
897 3352 1297 3421 Brunckius
1346 3359 1426 3427 τίς
1468 3350 1561 3415 οὖν
1608 3376 1696 3415 σοι
1740 3352 1814 3419 in
1863 3359 1944 3425 τίς
1991 3354 2063 3414 ἄν
2110 3375 2196 3415 σοι
2244 3357 2434 3419 reete
2485 3349 2803 3418 mutavit.
2869 3347 3065 3435 (vid.

731 3486 936 3555 Dind.
986 3486 1030 3553 l.
1075 3486 1179 3572 l.).

819 3619 1013 3688 Conf.
1086 3639 1297 3709 porro
1368 3619 1493 3686 Av.
1568 3641 1664 3687 νε.
1736 3618 1948 3701 1437,
2020 3619 2198 3689 Nub.
2267 3601 2394 3686 νεῘ
2424 3615 2586 3698 729,
2635 3615 2802 3701 874,
2850 3613 3061 3701 1086,

730 3751 940 3840 1183,
989 3751 1167 3822 1333
1212 3761 1282 3821 et
1331 3773 1584 3841 supra,
1634 3753 1800 3842 Cap.
1851 3753 1879 3821 1
1929 3754 1990 3821 A
2040 3758 2080 3836 ξ
2120 3752 2183 3821 3.

1294 4088 1333 4166 ξ
1380 4081 1442 4150 5.
1536 4082 1861 4151 Praesens
1910 4083 2174 4172 optativi
2218 4104 2366 4150 oum
2411 4085 2502 4147 ἄν.

824 4330 1055 4400 Etiam
1128 4333 1486 4422 praesenti
1560 4339 1700 4422 opt.
1775 4352 1937 4402 cum
2003 4353 2101 4418 αν,
2167 4331 2292 4420 qui
2339 4351 2379 4399 a
2426 4332 2552 4401 fut.
2602 4330 2744 4399 ind.
2795 4329 3063 4417 differt,

735 4465 1069 4535 adiuncta
1139 4473 1247 4535 est
1311 4466 1621 4536 conditio
1686 4472 1811 4535 aut
1879 4465 2115 4536 verbis
2174 4485 2509 4555 expressa
2570 4473 2693 4534 aut
2756 4444 3103 4555 cogitata*

736 4605 1033 4668 tantum.
1106 4599 1206 4669 Cf.
1257 4599 1438 4669 Nub.
1491 4621 1587 4668 νε.
1636 4598 1805 4670 422:
