3484 5609
1721 569 1812 637 52

603 782 744 829 non
808 763 991 831 faeta
1057 765 1413 852 propriam
1470 764 1682 833 habet
1731 765 2341 854 significationem.
2421 767 2609 853 (vid.
2666 788 2815 855 cap.
2865 768 2926 836 II

606 901 645 978 ξ
695 897 795 981 2.)
867 896 1002 965 Sed
1052 898 1218 985 quia
1266 898 1352 965 ab
1402 899 1534 964 hoc
1587 900 1968 986 praeterito
2018 921 2178 968 cum
2226 905 2296 964 ἄν
2345 922 2708 989 nunquam
2758 921 2924 973 con-

604 1031 961 1099 iunctivus
1025 1052 1186 1098 cum
1249 1035 1320 1095 ἄν
1382 1032 1679 1120 pendet,
1745 1053 1887 1099 non
1953 1034 2166 1102 huius
2231 1007 2365 1102 Ιοιῑί
2431 1043 2538 1101 est
2602 1034 2687 1100 de
2736 1033 2923 1101 illius

604 1166 942 1252 temporis
990 1132 1502 1252 signifi'ctitione
1552 1165 1935 1254 disputare.

692 1297 991 1364 Restant
1040 1305 1311 1364 tantum
1364 1318 1487 1365 eae
1536 1300 1969 1384 sententiae,
2020 1321 2200 1388 quae
2252 1302 2457 1369 modo
2506 1299 2923 1382 indicative,

526 1462 535 1473 =
604 1414 811 1498 modo
859 1431 1309 1498 coniunctivo
1359 1452 1521 1500 curn
1568 1435 1639 1495 ἄν
1688 1440 2222 1501 construuntur.

694 1564 869 1632 Cum
966 1565 1037 1631 in
1125 1565 1442 1632 oratione
1529 1573 1722 1633 recta
1810 1573 1961 1635 tum
2047 1568 2116 1634 in
2206 1568 2493 1656 obliqua
2562 1566 2925 1634 indicativi

606 1719 936 1785 praesens
1023 1698 1230 1786 vulgo
1314 1699 1582 1766 indicat
1668 1700 1838 1788 quid
1920 1701 2066 1772 hoc,
2123 1708 2438 1790 tempore
2518 1701 2674 1786 fiat,
2767 1721 2923 1788 per-

603 1831 863 1898 feetum
936 1838 1006 1899 et
1075 1832 1380 1899 aoristus
1452 1831 1623 1920 quid
1696 1839 1860 1900 ante
1932 1833 2064 1900 hoc
2136 1840 2414 1923 tempus
2486 1836 2748 1902 facturn
2801 1837 2925 1916 sit,

601 1963 921 2033 futurum
1000 1965 1170 2054 quid
1242 1971 1400 2053 post
1470 1965 1602 2033 hoc
1672 1972 1954 2055 tempus
2023 1968 2114 2035 sit
2185 1967 2524 2034 futurum.
2618 1966 2926 2034 Coniun-

604 2097 770 2164 ctivi
862 2118 1023 2165 cum
1092 2101 1163 2161 ἄν
1252 2063 1489 2166 auiem
1583 2118 1919 2188 praesens
2013 2120 2154 2167 non
2248 2105 2526 2167 tantum
2612 2099 2927 2167 indicare

607 2236 872 2318 potest,
938 2232 1110 2319 quid
1174 2232 1306 2300 hoo
1371 2241 1687 2321 ternpore
1756 2234 1913 2317 fiat,
1978 2236 2100 2302 sed
2164 2236 2376 2302 etiam
2442 2233 2612 2323 quid
2676 2233 2799 2301 fiat
2845 2254 2927 2300 eo

605 2369 961 2451 tempore,
1026 2386 1166 2453 quo
1224 2366 1460 2455 agitur
1520 2367 1629 2451 id,
1694 2368 1883 2455 quod
1948 2367 2241 2436 verbum
2296 2366 2683 2456 significat,
2737 2367 2926 2435 unde

603 2496 882 2586 pendet.

692 2629 771 2698 E.
821 2650 881 2718 g.
929 2629 1113 2700 Nub.
1162 2651 1262 2701 vs,
1309 2630 1518 2700 1115:

921 2903 1042 2996 τοὺς.
1089 2907 1284 2989 κριτάς
1329 2904 1371 2962 οἳ
1417 2894 1788 2989 κερδανοῦσιν
1808 2950 1823 2980 ,
1870 2902 1939 2968 ἦν
1985 2924 2037 2964 τι
2082 2894 2240 2964 τόνδε
2284 2906 2375 2964 τὸν
2424 2908 2589 2991 χορὸν

918 3030 1173 3121 ὠφελῶσ’
1199 3037 1285 3104 ,ἐκ
1333 3043 1444 3098 τῶν
1484 3028 1723 3097 δικαίων
1742 3087 1758 3117 ‚
1806 3031 2149 3120 βουλόμεσθ’
2196 3038 2354 3121 ἡμεῖς
2398 3043 2632 3124 φράσαι.

918 3175 1120 3256 πρῶτοι
1163 3171 1265 3253 μὲν
1309 3173 1426 3257 γάρ
1447 3220 1464 3252 ,
1510 3168 1580 3236 ἢν
1624 3179 1753 3230 νεᾶν
1797 3164 2073 3251 βούλησθ’
2122 3172 2178 3230 ἐν
2213 3173 2338 3258 ὥρᾳ
2382 3172 2509 3252 τοὺς
2558 3174 2767 3257 ἀγρούς
2785 3219 2800 3248 ,

917 3301 1124 3386 ὕσομεν
1167 3305 1469 3391 πρώτοισιν
1513 3308 1641 3388 ὑμῖν
1658 3350 1675 3381 ,
1722 3310 1867 3365 τοῖσι
1909 3296 2161 3376 δ’ἄλλοις
2204 3303 2456 3394 ὕστερον.

694 3592 819 3658 His
894 3591 1210 3659 versibus
1282 3592 1408 3659 fut.
1480 3593 1621 3659 ind.
1690 3588 2058 3682 κερδανοῦσιν
2121 3595 2470 3683 significat
2534 3596 2704 3684 quid
2765 3602 2920 3686 post

603 3725 735 3792 hoc
798 3731 1080 3812 tempus
1143 3724 1463 3792 futurum
1526 3725 1655 3810 sit,
1724 3727 1904 3794 coni.
1956 3747 2180 3814 praes.
2227 3725 2482 3817 ὠφελῶσι
2529 3729 2692 3818 quid
2739 3750 2926 3797 nunc

602 3856 759 3939 fiat,
825 3856 945 3924 sed
1011 3854 1296 3941 βούλησθε
1360 3857 1530 3946 quid
1599 3858 1917 3926 futurum
1975 3859 2068 3926 sit
2115 3880 2197 3927 eo
2246 3867 2596 3950 ternpore,
2668 3883 2809 3950 quo
2854 3863 2926 3930 id

602 3990 872 4078 agitur,
925 3990 1112 4079 quod
1164 3992 1403 4060 futuro
1450 3994 1664 4079 ὕσομεν
1711 3992 2184 4081 significatur,
2232 3994 2422 4063 unde
2470 3996 2649 4062 coni.
2699 4016 2923 4084 praes,

599 4121 884 4207 βούλησθε
930 4144 1319 4214 suspensus
1345 4132 1496 4194 est.

691 4256 788 4327 Cf.
841 4257 969 4327 Av.
1017 4279 1119 4328 vs.
1168 4258 1380 4329 1101:

900 4509 1011 4573 τοῖς
1055 4508 1272 4589 κριταῖς
1316 4507 1479 4563 εἰπεῖν
1525 4524 1578 4563 τι
1621 4497 1987 4588 βουλόμεσθα
2031 4512 2131 4575 τῆς
2178 4509 2337 4577 νίκης
2381 4507 2506 4593 πέρι
2523 4553 2540 4584 ,

902 4632 990 4695 ὅσ’
1038 4633 1236 4721 ἀγάθ’,
1283 4634 1352 4703 ἦν
1398 4640 1661 4724 κρίνωσιν
1705 4638 1862 4721 ἡμᾶς
1879 4687 1896 4719 ,
1935 4646 2111 4700 πᾶσιν
2155 4640 2345 4714 αὐτοῖς
2388 4630 2663 4727 δώσομεν.
