3484 5609
1634 574 1790 641 ·72

571 767 694 836 ubi
742 768 1099 837 sententia
1146 786 1186 834 a
1236 768 1590 855 particula
1637 787 1698 831 ow
1744 769 2064 857 incipiat.
2117 769 2461 849 Quamvis
2495 771 2572 837 in
2598 773 2921 839 oratione

569 900 857 988 obliqua
924 901 1280 967 sententia
1343 899 1767 987 plerumque
1830 921 1870 967 a
1938 902 2441 969 coniunctione
2503 903 2614 969 vel
2662 924 2920 991 prono-

569 1033 758 1100 mine
821 1033 1119 1100 relativo
1181 1033 1511 1120 incipiat,
1575 1052 2093 1121 nonnunquam
2161 1041 2397 1101 tamen
2448 1007 2919 1103 unum—voca·

569 1164 819 1233 bulum
883 1165 1176 1254 plurave
1240 1165 1624 1246 vocabula,
1687 1185 1870 1252 quae
1928 1166 2437 1250 intenduntur,
2488 1168 2922 1255 praecedunt

567 1298 1147 1365 coniunctionem
1191 1299 1298 1364 vcl
1347 1318 1741 1385 pronomen
1766 1299 2158 1367 relativum.
2212 1299 2287 1365 E.
2317 1320 2378 1386 g.
2408 1298 2590 1367 Nub.
2622 1320 2719 1367 vs.
2748 1301 2913 1367 749:

990 1504 1240 1580 γυναῖκα
1285 1486 1595 1580 φαρμακίδ’
1643 1500 1686 1555 εἰ
1733 1501 2039 1580 πριάμενος
2087 1492 2393 1561 Θετταλὴν
2413 1544 2427 1571 ,

990 1624 1272 1710 καθέλαμι
1316 1631 1541 1714 νύκτωρ
1588 1632 1692 1692 τὴν
1740 1624 1986 1694 σελήνην
2009 1681 2024 1707 ,

657 1836 757 1904 Cf.
808 1836 989 1905 Nub.
1042 1857 1140 1904 vs.
1188 1836 1355 1917 256,
1420 1835 1546 1902 Av.
1598 1856 1697 1902 vs,
1748 1836 1958 1920 1550,
2020 1837 2181 1903 Pac.
2234 1858 2332 1904 vs.
2382 1837 2549 1924 371,
2601 1839 2761 1926 Lys.
2815 1860 2916 1906 vs.

565 1969 735 2051 572,
783 1969 959 2038 Ach.
1010 1988 1110 2036 vs,
1157 1968 1313 2035 555.
1381 1968 1567 2037 Eccl.
1618 1989 1717 2035 vs.
1769 1966 1921 2034 304.
2752 1995 2759 1998 ·

655 2101 838 2169 Nub.
890 2121 989 2168 VS.
1035 2100 1170 2169 933
1216 2122 1255 2168 e
1303 2100 1504 2168 libris
1553 2101 1821 2169 editur:
1874 2100 2112 2166 κλαύσει
2152 2110 2256 2170 τήν
2296 2107 2439 2193 χεῖρ’
2481 2104 2550 2172 ἢν
2575 2102 2913 2191 ἐπιβάλλῃς.

570 2236 890 2324 (Bergk.:
955 2242 999 2297 εἰ
1060 2240 1164 2302 τ’ἡν
1226 2240 1369 2323 χεῖρ’
1433 2235 1587 2317 κτέ.)
1642 2234 1986 2302 Videatur
2034 2235 2291 2302 deinde
2339 2236 2656 2324 Kruger‚
2706 2236 2914 2323 Synt.

566 2368 687 2435 Gr.
736 2366 773 2454 ἓ
818 2367 926 2433 54.
975 2366 1084 2434 17.
1138 2368 1217 2434 Α.
1270 2366 1329 2433 7.

655 2501 887 2567 Etiam
962 2520 1147 2568 unus
1214 2499 1411 2566 locus
1477 2499 1668 2588 apud
1718 2500 2270 2587 Aristophanem
2320 2503 2631 2568 occurrit
2682 2501 2804 2569 ubi
2850 2516 2914 2564 ἄν

567 2634 1139 2711 coniunctionem
1212 2632 1607 2720 praecedit:
1690 2631 1818 2698 Av.
1894 2652 1993 2699 vs.
2056 2631 2268 2717 1017,
2323 2633 2627 2700 Dindorf
2669 2654 2707 2701 e
2755 2634 2909 2701 cod.

565 2765 748 2832 Flor.
797 2767 850 2827 Δ
899 2765 1199 2853 recepit:

1321 2966 1390 3027 νὴ
1436 2961 1525 3021 Δί’
1568 2962 1644 3031 ὡς
1689 2963 1792 3021 οὐκ
1837 2953 1938 3021 οἷδ’
1984 2959 2055 3020 ἂν
2102 2967 2144 3021 εἰ

1321 3093 1522 3179 φθαίης
1567 3091 1648 3156 ἔτ’

562 3297 687 3365 ubi
734 3295 1086 3384 particula
1133 3296 1441 3383 pertinet
1490 3295 1581 3361 ad
1628 3301 1770 3381 opt.
1821 3302 1963 3382 pot.
2011 3270 2230 3383 φθαίης.

654 3428 1051 3510 vocabula,
1114 3446 1297 3514 quae
1359 3426 1832 3494 intenduntur
1891 3426 2312 3515 plerumque
2371 3429 2797 3516 particulam
2845 3447 2910 3492 ow

564 3563 955 3631 attrahunt.
1007 3559 1369 3627 Permulta
1419 3568 1586 3626 sunt
1637 3559 2046 3626 huiusmodi
2088 3559 2468 3645 vocabula,
2513 3561 2702 3629 unde
2746 3582 2907 3630 sen—

565 3696 830 3763 tentiae
892 3693 1278 3781 incipiunt,
1347 3692 1456 3759 vel
1515 3712 1699 3779 quae
1749 3693 1960 3780 vulgo
2006 3695 2196 3760 inter
2245 3659 2470 3781 prima
2518 3696 2908 3762 sententia-

566 3824 1135 3899 rum.vocabula
1199 3831 1600 3913 ponuntur,
1667 3824 1929 3912 quibus
1988 3825 2339 3913 particula
2389 3839 2450 3889 ἄν
2499 3827 2904 3894 attrahitur.

565 3960 643 4026 In
708 3958 1082 4025 sententiis
1133 3957 1729 4025 conditionalibus
1778 3963 1847 4024 et
1896 3958 2444 4046 temporalibus,
2510 3978 2693 4046 quae
2742 3979 2904 4026 cum

564 4106 627 4155 ἄν
696 4100 767 4159 et
838 4092 1292 4158 coniunctivo
1363 4097 1917 4170 construuntur,
1982 4091 2155 4158 haec
2226 4091 2576 4181 particula
2625 4112 2906 4180 semper

566 4245 727 4293 cum
800 4223 1300 4290 coniunctione
1371 4224 1444 4289 in
1516 4244 1737 4290 unum
1805 4222 2231 4291 vocabulum
2295 4224 2666 4292 conflatur.
2747 4225 2903 4310 Vid.

564 4355 726 4442 Cap.
801 4355 863 4422 lI
937 4360 975 4436 ξ
1046 4354 1109 4421 3.
1198 4356 1627 4422 Pronomina
1702 4356 2033 4436 relativa,
2108 4358 2434 4443 quamvis
2506 4378 2669 4425 cum
2740 4377 2903 4445 par-

565 4487 783 4555 ticula
832 4507 973 4554 non
1023 4490 1581 4576 coniungantur,
1617 4488 2041 4574 plerumque
2066 4493 2304 4555 tamen
2329 4509 2485 4556 eam
2511 4490 2901 4557 attrahunt.

569 4620 719 4686 Vid.
772 4620 934 4709 Cap.
988 4621 1048 4687 II
1098 4626 1137 4702 ἓ
1186 4620 1247 4687 3.
1300 4621 1400 4687 De
1448 4640 1547 4682 κᾶν
1597 4627 1667 4684 et
1715 4614 1831 4681 οὐδ’
1878 4639 1939 4681 ἄν
1994 4620 2124 4686 vid.
2178 4620 2342 4709 Cap.
2394 4621 2507 4688 ΙΙΙ.
