3484 5609
1748 542 1837 611 10

622 736 984 815 iunctione
1031 738 1134 821 ἦν,
1175 738 1345 816 ὅταν,
1396 736 1501 805 vel
1555 737 1974 825 pronomine
2023 736 2319 805 relativo
2370 758 2533 806 cum
2581 756 2644 801 ow
2678 746 2746 806 et
2775 758 2957 827 quae

623 890 785 938 cum
834 871 1284 938 coniunctivo
1333 872 1810 954 construitur,
1860 869 1996 937 vid.
2047 869 2213 959 Cap.
2265 871 2324 937 II
2371 876 2409 953 ξ
2457 871 2501 938 2
2549 878 2619 939 et
2662 871 2954 959 §5‚.20;

620 1005 792 1071 item
839 1003 925 1070 de
973 1023 1116 1071 aor.
1166 1009 1307 1090 opt.
1359 1022 1520 1070 cum
1569 1022 1630 1065 ow
1681 1005 2063 1071 coniuncto
2106 1023 2266 1072 cum
2317 989 2671 1071 sententia
2714 1006 2954 1072 condi·

620 1136 901 1223 tionali,
946 1155 1127 1224 quae
1175 1137 1619 1204 construitur
1659 1156 1822 1204 curn
1873 1138 1998 1205 fut.
2048 1136 2192 1204 ind.
2222 1137 2357 1204 vid.
2386 1135 2553 1224 Cap.
2578 1136 2808 1226 11§5,
2855 1136 2950 1204 20.

705 1269 803 1337 4⁰.
898 1270 1272 1337 Praeterea
1354 1289 1498 1337 aor.
1584 1277 1725 1358 opt.
1801 1291 1977 1339 cunr
2033 1290 2096 1333 ow
2168 1269 2755 1360 significationem
2829 1271 2951 1340 fut.

617 1403 760 1471 ind.
826 1402 1040 1470 habet
1103 1403 1227 1500 Ay.
1295 1423 1391 1470 vs.
1453 1401 1621 1488 598,
1683 1402 1801 1471 ubi
1844 1405 1915 1466 ἂν
1953 1412 2197 1490 μείναιμι
2245 1403 2549 1472 eundem
2600 1405 2831 1473 locum
2879 1406 2953 1472 in

618 1539 974 1604 sententia
1042 1535 1314 1603 obtinet
1385 1556 1597 1623 quem
1667 1555 1893 1623 praes.
1966 1536 2109 1604 ind.
2182 1547 2406 1624 κτῶμαι
2468 1545 2538 1605 et
2607 1537 2951 1627 ναυκληρῶ,

617 1691 800 1759 quae
856 1673 1254 1759 praesentia
1304 1677 1542 1739 autem
1592 1670 1706 1738 hic
1754 1670 1977 1739 futuri
2025 1670 2617 1759 significationem
2665 1670 2952 1740 habent.

617 1803 716 1872 Cf.
787 1805 964 1873 Ran.
1053 1825 1150 1873 vs.
1235 1802 1407 1888 830,
1497 1804 1620 1873 ubi
1691 1805 2100 1894 Euripide&
2184 1804 2368 1872 Nub.
2436 1825 2533 1873 vs.
2600 1803 2766 1889 783,
2830 1804 2954 1873 ubi

617 1937 945 2006 Socrates
1035 1939 1350 2025 optativo
1433 1937 1804 2025 potentiali
1890 1938 2235 2027 praedicit
2259 1993 2275 2023 ‚
2362 1938 2531 2027 quid
2595 1938 2731 2006 sibi
2804 1939 2951 2006 fore

618 2071 957 2140 videatur.
1012 2071 1110 2138 De
1159 2072 1405 2138 vitiato
1454 2070 1685 2138 medio
1731 2066 2077 2159 ὃιδᾳξαίμην
2127 2072 2262 2139 vid.
2314 2071 2480 2160 Cap.
2533 2072 2624 2140 IV
2672 2077 2712 2154 ἓ
2742 2072 2822 2139 -2,

703 2206 1229 2293 Nonnunquam
1316 2205 1672 2272 incertum
1740 2212 1848 2271 est
1913 2210 2154 2272 utrum
2223 2224 2369 2314 aor.
2442 2211 2582 2292 opt.
2657 2224 2819 2272 cum
2889 2222 2950 2266 ow

614 2359 776 2407 cum
839 2339 966 2406 fut.
1028 2339 1171 2405 ind.
1239 2339 1611 2405 conveniat
1674 2357 1766 2405 an
1832 2358 1971 2405 non
2046 2339 2440 2405 conveniat.
2539 2337 2614 2404 E.
2686 2358 2749 2426 g.
2822 2336 2948 2403 Av.

614 2493 714 2539 vs.
767 2470 933 2539 198:

1098 2673 1179 2740 τίς
1221 2667 1293 2728 ἂν
1336 2664 1431 2729 οὖν
1477 2671 1539 2728 τὸ
1583 2671 1801 2756 πρᾶγμ’
1843 2671 2029 2739 αὐτοῖς
2073 2661 2448 2755 ὃιηγήσαιτο;
2485 2665 2491 2669 ’

700 2879 1003 2948 Perinde
1081 2886 1189 2947 est
1253 2879 1402 2947 sive
1471 2879 1722 2946 vertis:
1820 2880 2165 2967 »quisnam
2234 2880 2431 2965 iqitur
2499 2900 2636 2946 rem
2707 2881 2941 2947 iiscum

608 3015 1097 3083 communicabit
1114 3013 1187 3080 ?''
1274 3013 1422 3081 sive
1501 3012 1707 3080 dicis:
1794 3012 2374 3078 »communicareffl
2462 3013 2552 3099 (si
2620 3014 2754 3079 scil.
2828 3014 2941 3080 hoc

609 3152 754 3240 fieri
790 3148 1049 3238 potest.)

699 3284 926 3373 Saepe
996 3303 1137 3350 aor.
1211 3289 1352 3371 opt.
1425 3301 1589 3350 cum
1660 3300 1723 3344 ειν
1788 3282 1941 3347 sine
2005 3282 2489 3349 controversia
2533 3300 2575 3348 a
2622 3281 2748 3349 fut.
2797 3281 2941 3348 ind.

610 3416 878 3504 differt,
943 3416 1134 3505 quod
1195 3415 1558 3484 interdum
1606 3415 1983 3483 manifesto
2030 3421 2357 3503 apparet,
2410 3435 2447 3482 e
2495 3413 2940 3502 conditione,

610 3569 792 3639 quae
839 3550 926 3618 ab
978 3570 1060 3617 eo
1110 3551 1406 3638 pendet,
1457 3551 1605 3618 sive
1654 3549 1888 3617 verbis
1926 3568 2261 3637 expressa
2308 3549 2424 3634 (of.
2467 3547 2641 3638 Cap.
2685 3549 2745 3616 Π
2794 3554 2832 3631 ξ
2859 3547 2935 3634 2)

609 3684 756 3752 sive
803 3660 1112 3772 cogitata
1162 3690 1461 3752 tantum.
1513 3682 2136 3752 ConferaturRan.
2166 3656 2940 3749 vs,134‘cumvs135:

1117 3877 1245 3942 ἀλλ’
1289 3878 1629 3965 ἀπολέσαιμ’
1670 3879 1742 3940 ἂν
1782 3876 2098 3968 ἐγκεφάλου
2146 3879 2279 3967 θρίω
2327 3860 2428 3940 δύο

1118 4019 1219 4077 οὐκ
1262 4014 1333 4076 ἂν
1376 4007 1689 4098 βαδίσαιμι
1733 4017 1838 4078 τὴν
1884 4005 2011 4073 ὁδὸν
2057 4015 2291 4078 ταύτην.

698 4208 1038 4278 Hercules
1119 4209 1308 4276 enim
1388 4207 1668 4275 Baccho
1732 4205 2022 4290 suadet,
2089 4212 2171 4273 ut
2242 4226 2316 4273 se
2386 4205 2475 4273 ab
2547 4205 2686 4273 alta
2759 4208 2938 4274 turri

606 4343 1058 4433 praecipitet,
1130 4343 1245 4410 cui
1311 4341 1428 4409 hic
1499 4340 1880 4428 respondet
1943 4359 2019 4406 se
2077 4340 2506 4407 amissurum
2556 4359 2712 4406 esse
2762 4340 2937 4408 duas
3019 4362 3029 4370 ·

611 4478 686 4564 (i.
735 4489 794 4544 e.
843 4475 1120 4562 ambas)
1174 4481 1413 4563 partes
1464 4473 1735 4542 cerebri
1783 4473 1963 4562 (scil.
1993 4473 2052 4539 si
2077 4473 2213 4539 hoc
2239 4473 2524 4558 faciat);
2575 4472 2700 4540 sed
2725 4493 2935 4541 versu

605 4610 935 4699 sequenti
1004 4610 1176 4676 dicit
1248 4608 1420 4698 quid
1491 4626 1736 4676 revera
1804 4628 1945 4674 non
1990 4606 2307 4673 facturus
2373 4607 2483 4673 sit.
2556 4606 2754 4673 Alter
2800 4607 2928 4696 igi·
