3484 5609
1671 566 1759 634 17

635 799 884 888 Itaque
933 800 1324 869 sententia:

804 1051 923 1114 πῶς
966 1040 1036 1102 ἂν
1083 1037 1177 1103 οὖν
1224 1037 1565 1126 Κλεώνυμός
1608 1043 1661 1128 y‘
1706 1038 1782 1102 ὢν
1829 1044 1927 1102 οὐκ
1973 1038 2237 1124 α’πὲβαλε
2283 1048 2377 1107 τὸν
2424 1041 2626 1133 λοφον;

552 1291 724 1359 nihil
812 1288 1005 1358 aliud
1076 1297 1184 1357 est
1256 1281 1470 1379 quam
1541 1290 2008 1378 praeteritum
2081 1292 2375 1378 optativi
2444 1293 2888 1380 potentialis:

548 1436 667 1500 πῶς
731 1426 803 1488 ἂν
873 1422 966 1488 οὖν
1034 1409 1376 1511 Κλεώνυμός
1434 1430 1487 1514 y'
1549 1425 1625 1487 ὢν
1681 1426 1760 1512 (i.
1811 1445 1869 1493 e.
1919 1433 1963 1490 εἰ
2010 1425 2127 1491 Κλ.
2179 1429 2298 1506 εἴη,
2350 1427 2409 1494 Si
2459 1425 2560 1494 (Ἃ.
2611 1427 2737 1516 Sit)
2789 1432 2890 1491 οὐκ

551 1557 838 1643 ἀποβάλοι
882 1564 975 1622 τὸν
1020 1556 1222 1648 λόφον;

642 1692 794 1761 Vid.
866 1690 1051 1759 Nub.
1124 1712 1221 1758 vs,
1278 1689 1449 1776 680,
1515 1690 1637 1759 ubi
1687 1690 2136 1781 Strepsiades
2187 1713 2431 1762 secum
2478 1695 2738 1783 repetit
2783 1695 2892 1778 id,

552 1825 742 1915 quod
806 1845 848 1893 a
918 1824 1209 1893 Socrate
1277 1824 1590 1912 audivit,
1661 1845 1803 1893 non
1868 1832 2197 1915 oportere
2245 1826 2386 1895 dici
2433 1821 2720 1917 κάρδοπον
2767 1826 2892 1895 sed

551 1953 870 2049 καρδόπην.
942 1959 1304 2027 Praesenti
1374 1966 1694 2047 tempore
1764 1960 2093 2029 dixisset:
2155 1966 2329 2025 ἐκεῖνο
2389 1955 2440 2025 δ’
2497 1963 2569 2024 ἂν
2614 1965 2698 2032 εἴη
2745 1987 2891 2053 κοιρ-

552 2090 734 2173 ὃοπη,
784 2091 1145 2178 Κλεωνύμη,
1193 2092 1341 2160 scil.
1391 2100 1434 2156 εὶ
1480 2094 1652 2184 ὀρθῶς
1699 2091 1977 2182 λέγοιμεν.
2032 2093 2208 2180 Sed,
2259 2095 2425 2183 quia
2474 2095 2613 2162 iam
2682 2101 2893 2164 antea

555 2229 686 2295 hoe
733 2248 773 2295 a
823 2227 1111 2296 Socrate
1158 2227 1466 2310 audivit,
1526 2229 1912 2316 praeterito
1963 2234 2280 2317 tempore
2327 2229 2589 2297 utitur:
2647 2285 2652 2297 ι

1104 2482 1277 2541 ἐκεῖνο
1324 2473 1374 2541 δ’
1421 2477 1490 2547 ἦν
1534 2478 1606 2540 ἂν
1653 2473 1919 2563 καρδόπη
1967 2477 2289 2566 Κλεωνύμη
2311 2528 2327 2560 ,

555 2718 745 2806 quod
830 2724 939 2786 est
1017 2719 1234 2807 igitur
1304 2720 1772 2807 praeteritum
1842 2719 2139 2809 optativi
2210 2719 2640 2808 potentialis.
2737 2719 2894 2789 Huc

555 2872 840 2941 quoque
886 2853 1235 2941 pertinet:

645 2986 771 3053 Av.
838 3007 938 3053 vs.
986 2984 1199 3072 1358,
1247 2984 1372 3054 ubi
1418 2986 1864 3073 Pithetaero,
1907 2987 2031 3075 qui
2078 2985 2255 3082 dixit
2300 2986 2531 3075 legem
2580 2986 2770 3075 apud
2818 3007 2895 3055 se

553 3121 800 3189 iubere
870 3126 1147 3208 patrem
1218 3121 1513 3205 nutriri,
1587 3119 1944 3208 parricida
2005 3121 2272 3189 ironice
2328 3120 2750 3208 respondet,
2807 3141 2896 3188 -se

552 3255 773 3344 igitur
842 3255 1227 3344 profecisse
1300 3275 1429 3324 suo
1499 3255 1793 3337 itInere,
1864 3256 1924 3323 si
1990 3261 2193 3343 pater
2257 3275 2542 3345 quoque
2607 3253 2742 3322 sibi
2804 3254 2896 3322 sit

558 3389 1002 3459 nutriendus.
1122 3389 1325 3470 Quod
1399 3391 1757 3478 praesenti
1827 3396 2148 3478 tempore
2211 3396 2433 3457 esset:
2507 3387 2898 3477 οἱπολαὺσαιμί

557 3530 607 3590 τ’
650 3526 739 3616 ἄρ’
788 3527 858 3588 ἄν
905 3532 973 3595 νὴ
1021 3526 1106 3588 Δί’
1173 3530 1265 3588 ἰὼν
1315 3519 1537 3610 ἐνθαδί,
1586 3528 1741 3613 εἴπερ
1788 3528 1856 3614 y&
1898 3537 1993 3610 μοὶ
2037 3525 2134 3587 καὶ
2178 3530 2269 3587 τὸν
2314 3527 2539 3614 πατέρα
2583 3521 2900 3608 βοσκητέον

572 3659 735 3744 (scil
785 3659 943 3746 εἴη),
992 3658 1062 3726 id
1116 3665 1224 3726 est
1272 3658 1693 3748 praeterito:
1740 3656 2053 3722 α’πέλανσοέ
2097 3663 2144 3723 τ’
2189 3662 2270 3748 ἄρ’
2315 3659 2386 3720 ὢν
2431 3660 2529 3721 κτὲ
2576 3657 2766 3746 quod
2791 3665 2900 3726 est

557 3800 781 3882 praet.
848 3801 991 3883 opt.
1062 3800 1242 3882 pot.,
1316 3793 1486 3862 dum
1547 3813 1690 3862 non
1762 3800 1958 3882 patet
2030 3800 2271 3862 utrum
2345 3792 2734 3861 conditioni
2806 3795 2899 3861 sit

560 3929 1004 3997 satisfactum
1052 3948 1297 3997 necne.

647 4063 805 4131 Alio
853 4063 1062 4131 modo
1111 4062 1573 4152 explicandus
1621 4069 1733 4130 est
1781 4062 1896 4130 hic
1943 4061 2180 4130 loeus:

647 4196 827 4289 Ὧραι
874 4198 1036 4265 Ath.
1086 4197 1182 4264 IX
1232 4218 1297 4285 p.
1345 4196 1514 4265 3721)
1561 4198 1700 4265 vid.
1754 4196 1957 4265 Dind.
2002 4198 2247 4286 fragm.
2296 4194 2468 4263 476:

985 4418 1324 4484 α’πὲλαυσαν
1372 4433 1482 4510 ἄρα
1527 4416 1798 4504 σέβοντες
1843 4426 2026 4506 ὑμᾶς,
2074 4423 2150 4493 ὡς
2195 4422 2269 4482 σὺ
2314 4425 2437 4508 φής.

648 4633 987 4699 α’πὲλανσαν
1035 4641 1144 4702 est
1195 4640 1450 4722 praet.‚
1502 4634 1688 4722 quod
1740 4632 2097 4723 praesenti
2146 4639 2462 4721 tempore
2510 4638 2700 4699 esset
2748 4638 2893 4695 οὶπο-

2634 4745 2663 4788 3
