3484 5609
1820 554 1909 620 16

1919 633 1962 651 Q

691 753 1090 842 concipitur
1135 751 1244 836 id,
1293 751 1484 840 quod
1531 757 1673 839 opt.
1716 756 1859 838 pot.
1905 748 2297 832 indicatur3
2341 768 2573 837 neque
2597 768 2680 816 eo
2707 768 3030 837 unquam

688 886 1082 972 indicatur,
1147 884 1319 973 quid
1367 884 1731 972 praesenti
1782 890 2098 971 tempore
2147 902 2393 949 revera
2440 881 2679 950 locum
2726 881 2985 950 habeat
3012 935 3028 965 ‚

690 1020 817 1088 sed
879 1040 1124 1108 saepe,
1189 1016 1361 1108 quid
1424 1018 1558 1085 hoc
1623 1023 1944 1104 tempore
2005 1015 2158 1083 fieri
2221 1016 2481 1104 possit,
2533 1017 2593 1083 si
2641 1015 3027 1083 conditioni

690 1153 973 1221 cuidam
1024 1152 1237 1220 fuerit
1285 1151 1787 1219 satisfactum.-

780 1286 966 1361 Quid
1027 1285 1387 1376 praesenti
1449 1292 1766 1372 tempore
1827 1302 2074 1350 revera
2120 1276 2355 1350 loc'um
2405 1282 2701 1367 habeat,
2752 1303 3034 1371 semper

691 1420 908 1488 refert
955 1439 1291 1507 praesens
1339 1391 1591 1504 indie„
1643 1416 1817 1504 quid
1864 1423 2029 1484 ante
2077 1417 2212 1484 hoc
2259 1423 2543 1506 tempus
2590 1437 2841 1485 revera
2888 1417 3030 1483 fac-

691 1560 844 1622 tum
911 1553 1037 1638 sit,
1102 1552 1567 1640 praeteritum
1614 1550 1760 1617 ind.
1828 1549 2014 1624 Quid
2061 1558 2300 1618 autem
2352 1557 2517 1617 ante
2565 1550 2698 1617 hoc
2750 1556 3030 1637 tempus

691 1686 845 1753 fieri
893 1685 1246 1771 potuerit,
1297 1686 1358 1751 si
1408 1684 1798 1751 conditioni
1846 1683 2128 1752 cuidam
2170 1685 2264 1751 sit
2288 1684 2773 1768 satisfactum,
2824 1684 3030 1771 signi-

692 1818 856 1887 ficat
893 1827 1117 1907 praet.
1158 1818 1303 1885 ind.
1350 1837 1513 1885 cum
1554 1835 1636 1884 ow.
1688 1816 1838 1884 Hoc
1878 1819 2098 1906 igitur
2122 1825 2231 1884 est
2256 1824 2538 1905 tempus
2565 1817 3031 1906 praeteritum

692 1952 883 2020 modi
928 1951 1376 2041 potentialiS,
1428 1952 1631 2019 cuius
1679 1953 2046 2039 praeteriti
2095 1952 2235 2020 duo
2283 1959 2451 2019 sunt
2501 1969 2777 2040 genera.

783 2085 926 2152 Aut
987 2083 1187 2151 nullo
1232 2083 1497 2152 indicio
1544 2083 1938 2169 indicatur,
1988 2104 2078 2151 an
2129 2084 2519 2193 conditioni
2568 2086 2661 2152 sit
2709 2083 3031 2151 satisfac-

694 2226 882 2297 tum,
947 2224 1070 2285 aut
1140 2233 1178 2284 e
1242 2215 1752 2284 vocabulorum
1815 2224 2152 2286 contextu
2208 2225 2403 2306 patet
2452 2217 2841 2285 conditioni
2888 2236 3031 2284 non

693 2371 850 2419 esse
914 2350 1398 2435 satisfactum,
1463 2371 1695 2440 neque
1758 2353 1977 2440 igitur
2024 2353 2292 2421 factum
2340 2373 2497 2420 esse
2544 2358 2668 2420 aut
2716 2350 2871 2418 fieri
2917 2350 3028 2436 id,

694 2483 884 2573 quod
954 2490 1178 2573 praet.
1250 2503 1412 2552 cum
1483 2497 1545 2546 ἄν
1616 2484 2007 2573 significat,
2070 2505 2286 2573 quam
2347 2484 2437 2553 ob
2484 2504 2636 2553 rem
2685 2485 2818 2553 hoe
2869 2504 3031 2553 cum

695 2616 1103 2684 Hermanno
1156 2625 1366 2704 praet.
1431 2639 1577 2684 cum
1616 2635 1679 2679 ἄν
1724 2620 1798 2684 in
1845 2640 1916 2686 re
1959 2639 2090 2685 non
2137 2623 2313 2704 jacta
2360 2618 2798 2706 appellamus
2854 2617 3023 2704 (vid.

694 2750 931 2818 Herm.
982 2749 1132 2817 Lib.
1181 2750 1211 2817 I
1263 2749 1428 2838 Cap.
1478 2751 1623 2837 10).

783 2881 1165 2950 Videamus
1213 2883 1535 2972 exempla
1582 2885 1861 2972 generis
1920 2885 2196 2972 prioris.

784 3017 906 3084 Av.
981 3037 1079 3084 vs.
1126 3015 1279 3084 287.
1352 3018 1733 3106 Euelpides
1781 3019 2175 3106 interrogat
2219 3038 2482 3108 epopa,
2535 3021 2620 3087 de
2670 3040 2799 3088 ave
2850 3038 3025 3108 qua-

696 3151 877 3219 dam.
949 3151 1080 3220 Cui
1142 3172 1359 3240 epops
1406 3151 1791 3240 respondet
1838 3158 1946 3219 est
1997 3154 2445 3243 >>κατωφαγᾱς.”
2511 3154 2693 3222 Tum
2742 3153 3027 3241 Euelpi-

696 3284 855 3353 des:
909 3284 1140 3353 »Num
1181 3263 1302 3352 est·
1334 3286 1589 3375 igitur,
1639 3285 1911 3372 inquit,
1971 3285 2153 3354 alius
2201 3288 2362 3375 quis
2409 3299 2763 3377 κατωφαγᾶς
2810 3307 3026 3375 quam

695 3418 1121 3505 Cleonymus
1141 3416 1220 3484 ‘2⁷’
1295 3418 1541 3505 Itaque
1590 3417 1995 3487 Pithetaero
2046 3420 2423 3510 Euelpides
2467 3427 2718 3510 putare
2744 3421 3027 3489 videtur

694 3553 877 3620 hanc
963 3571 1163 3618 avem
1245 3571 1401 3618 esse
1472 3549 1955 3639 Cleonymum.
2071 3553 2148 3622 Si
2211 3554 2661 3623 Pithetaerus
2732 3554 3026 3623 dixisset

695 3706 853 3755 eam
931 3703 1076 3753 non
1155 3704 1310 3752 esse
1393 3683 1893 3772 Cleonymum,
1978 3687 2145 3774 quia
2221 3707 2365 3754 non
2436 3687 2810 3757 abiecisset
2881 3688 3024 3776 cly-

696 3840 943 3908 peum,
1031 3824 1186 3886 tum
1269 3837 1442 3885 usus
1509 3823 1697 3884 esset
1762 3818 1873 3884 his
1937 3817 2205 3885 verbis:
2273 3828 2315 3882 εὶ
2385 3819 2726 3909 Κλεώνυμός
2795 3827 2848 3911 y’
2916 3821 2984 3890 ἦν
3007 3870 3023 3902 ,

692 3950 989 4037 ἀπέβαλεν
1036 3953 1106 4013 ἂν
1155 3956 1246 4014 τὸν
1293 3948 1473 4038 λόφον.

784 4087 965 4156 Tum
1016 4084 1403 4153 conditioni
1452 4102 1594 4150 non
1644 4102 1801 4149 esse
1849 4084 2293 4152 satisfactum
2335 4094 2629 4174 pateret.
2675 4088 2813 4157 Sed
2848 4089 3025 4157 nihil

695 4219 888 4289 aliud
959 4224 1161 4307 rogat
1227 4235 1441 4305 quam
1519 4213 1874 4303 quomodo
1956 4215 2136 4283 duae
2206 4220 2604 4285 contrariae
2674 4242 2788 4289 res
2856 4242 3022 4290 con-

696 4373 951 4445 gruere
1031 4351 1343 4440 possint,
1436 4354 1506 4416 et
1573 4347 1849 4414 nescire
1920 4348 2233 4432 videtur,
2321 4355 2564 4415 utrum
2635 4355 3022 4424 conditioni

695 4487 1038 4573 Κλεώνυμός
1080 4491 1133 4575 γ’
1177 4485 1253 4547 ὢν
1318 4484 1362 4549 i.
1410 4503 1467 4548 e.
1536 4490 1579 4544 εἰ
1649 4478 1991 4566 Κλεώνυμός
2057 4486 2108 4569 γ’
2171 4487 2290 4545 ἐστι
2307 4535 2323 4565 ,
2393 4449 2462 4546 εἰ,
2504 4481 2883 4574 Cleonymus
2928 4512 3021 4558 re.

694 4643 846 4688 vera
895 4629 1034 4714 est,
1088 4620 1180 4685 sit
1228 4615 1670 4683 satisfactum
1722 4632 1965 4679 necne.
