3484 5609
1580 604 1668 671 15

1042 1018 1082 1096 ξ
1131 1012 1191 1081 7.
1284 1015 1392 1077 ’‘Av
1439 1036 1587 1080 cum
1632 1017 1853 1101 futuro
1910 1015 2196 1102 optativi.

540 1290 640 1358 De
689 1290 1038 1379 particula
1086 1310 1147 1353 ow
1195 1310 1358 1359 cum
1409 1291 1536 1359 fut.
1587 1289 1884 1379 optativi
1909 1287 2081 1358 dicit
2111 1287 2564 1356 Hermannus
2597 1289 2780 1375 (Lib.

449 1424 545 1492 III
609 1424 773 1512 Cap.
839 1424 914 1511 7)
981 1445 1056 1492 se
1103 1426 1216 1491 vix
1264 1432 1514 1514 putare
1562 1424 1884 1511 exempla
1932 1423 2146 1490 huius
2195 1424 2785 1521 constructieniS‚

448 1578 631 1647 quae
679 1577 819 1625 non
869 1556 1207 1626 mendosa
1254 1560 1396 1628 sint
1446 1559 1816 1626 inventum
1867 1558 2004 1641 iri,
2053 1556 2221 1643 quia
2263 1575 2491 1645 praes.
2542 1562 2613 1624 et
2638 1576 2782 1623 aor.

450 1699 590 1780 opt.
666 1712 826 1759 cum
895 1711 958 1754 ow
1023 1693 1163 1760 iam
1236 1692 1324 1759 ad
1393 1711 1505 1760 res
1576 1692 1854 1758 futuras
1927 1690 2343 1757 referantur.
2417 1688 2527 1756 Ad
2601 1690 2782 1756 hanc

450 1824 1131 1892 animadversionem
1199 1823 1695 1892 illustrandam
1768 1828 2114 1891 memorat
2187 1823 2392 1909 Vesp.
2458 1842 2556 1889 ve.
2607 1821 2787 1889 1094

451 1978 680 2044 seqq.‚
729 1957 852 2024 ubi
896 1961 953 2032 ὸς
998 1978 1061 2020 ἄν
1107 1978 1145 2025 e
1190 1960 1340 2032 ὅστις
1385 1978 1448 2020 ἄν
1497 1958 1647 2024 cod.
1698 1957 1871 2025 Rav,
1924 1964 1993 2024 et
2044 1956 2217 2024 Ven.
2260 1957 2334 2023 in
2374 1958 2526 2029 ὅστις
2553 1964 2782 2024 muta-

450 2092 583 2177 vit,
654 2097 880 2175 recte,
943 2111 1055 2159 me
1100 2090 1371 2176 iudice;
1421 2090 1592 2180 quid
1643 2110 1809 2164 vero
1858 2090 1995 2157 sibi
2047 2090 2269 2158 veliut
2318 2088 2552 2158 verbis
2603 2111 2785 2178 quae

447 2233 882 2313 sequuntur:
935 2223 1154 2304 »Quin
1214 2228 1272 2291 si
1332 2228 1479 2315 quis
1537 2227 1631 2292 ita
1699 2225 1776 2311 (i.
1825 2246 1876 2292 e.
1927 2231 2200 2314 γενήσοιτ·
2240 2226 2333 2312 ἄν)
2380 2226 2744 2313 loqueretur
2765 2279 2781 2309 ,

443 2359 767 2427 videretur
802 2360 911 2425 ille
946 2361 1324 2447 praesentia
1370 2381 1446 2426 ac
1483 2361 1842 2447 praeterita
1888 2357 2265 2426 excludere’'
2317 2377 2457 2426 non
2517 2361 2782 2447 optime

444 2512 557 2559 me
602 2491 1016 2583 intellegere
1066 2487 1323 2562 fateor)

535 2624 670 2693 Sed
740 2627 930 2715 quod
994 2627 1083 2695 ad
1149 2628 1538 2696 sententias
1601 2628 1674 2695 in
1724 2628 2046 2695 oratione
2095 2633 2287 2698 recta
2336 2627 2631 2712 attinet,
2679 2626 2782 2694 illi

443 2760 1039 2828 animadversioni
1120 2761 1376 2831 addere
1457 2762 1666 2829 velim
1738 2762 2134 2849 optativum
2206 2761 2600 2850 praesentis
2672 2761 2779 2829 vel

442 2894 685 2962 aoristi
750 2914 912 2962 eum
961 2903 1023 2962 άν
1071 2902 1194 2962 aut
1242 2895 1706 2963 dubitationis
1750 2900 1874 2962 aut
1923 2895 2145 2963 futuri
2187 2893 2775 2984 significationem

442 3028 737 3115 habere,
802 3029 988 3097 sicut
1059 3050 1275 3119 supra
1348 3029 1674 3100 vidimus,
1755 3030 1888 3117 (Cf.
1962 3029 2127 3117 Cap.
2193 3029 2221 3096 I
2282 3029 2342 3097 A
2391 3028 2426 3117 ς
2474 3028 2518 3095 4
2567 3036 2636 3097 et
2683 3030 2778 3114 5).

443 3161 627 3238 Quid
668 3164 887 3252 igitur
924 3131 1165 3232 futuro
1217 3165 1510 3253 optativi
1562 3165 1792 3232 utenti
1820 3183 1961 3253 quo
1989 3164 2121 3231 hae
2146 3162 2396 3230 ambae
2423 3162 2773 3251 significa-

441 3297 670 3364 tiones
719 3297 1281 3382 concluduntur‚
1324 3297 1446 3365 illa
1494 3297 1848 3386 particula
1889 3316 2068 3386 opus
2093 3297 2259 3365 est‘?
2307 3295 2512 3371 Quod
2537 3303 2776 3365 autem

438 3430 528 3498 ad
597 3432 985 3498 sententias
1052 3432 1127 3498 in
1189 3432 1507 3499 oratione
1577 3431 1869 3521 obliqua
1938 3432 2232 3512 attinet,
2305 3429 2442 3498 vid.
2503 3429 2661 3516 Cap.
2713 3428 2775 3496 II

442 3571 482 3646 ξ
529 3564 591 3631 1.

1000 3921 1074 3989 Β.
1171 3920 1789 3990 Praeteritum
1861 3940 2053 3988 cum
2125 3938 2208 3984 ἄν.

920 4162 956 4248 ἓ
1004 4160 1067 4227 1.
1160 4161 1596 4229 Proteteritum
1662 4161 1839 4227 modi
1900 4161 2288 4248 potentiali-5.

526 4400 903 4489 Optativus
951 4402 1359 4492 potentialis
1401 4400 1753 4491 significat
1795 4402 2150 4470 actionem
2177 4400 2325 4468 sive
2349 4406 2615 4468 statum
2643 4406 2768 4467 aut

437 4537 776 4624 temporis
827 4536 1048 4604 futuri
1095 4542 1166 4603 et
1206 4543 1356 4604 tum
1399 4535 1560 4624 plus
1601 4536 1926 4604 minusve
1966 4534 2206 4601 futuro
2230 4533 2374 4604 ind.
2402 4533 2768 4620 congruit,

436 4677 551 4738 aut
616 4671 952 4758 temporis
1026 4670 1455 4759 praesentiS‚
1527 4669 1650 4736 sed
1719 4669 1935 4736 etiam
1999 4676 2151 4735 tum
2200 4674 2436 4734 mente
2486 4673 2763 4736 tantum
