3484 5609
1739 545 1829 614 28

627 741 813 810 finiri
883 748 1150 831 potest,
1221 742 1573 831 quomodo
1637 743 1989 811 sententia
2043 740 2519 831 intellegenda
2581 741 2708 826 sit,
2772 762 2937 811 cum

626 875 889 943 diversi
956 874 1219 964 gradus
1290 874 1780 946 affirmationis
1851 881 1922 943 et
1990 873 2453 943 dubitationis
2527 880 2670 942 tam
2739 873 2947 943 multi

626 1010 803 1096 sint,
855 1016 931 1079 ut
977 1009 1337 1079 interdum
1390 1008 1605 1079 nullis
1653 1009 1868 1078 certis
1919 1009 2238 1078 terminis
2286 1009 2797 1078 discernantur.

730 1337 802 1406 C.
896 1336 1370 1406 Particula
1417 1355 1479 1400 ow
1538 1357 1731 1405 cum
1797 1338 2274 1426 praesenti
2337 1342 2416 1406 et
2485 1336 2796 1404 futuro

991 1496 1504 1565 Indicativi
1567 1502 1654 1565 et
1719 1517 1913 1565 cum
1980 1496 2565 1586 Imperativo.

1161 1698 1201 1775 ξ
1248 1691 1310 1760 1.
1403 1709 1463 1756 ἀν
1507 1713 1654 1760 cum
1691 1694 2022 1781 praesenti
2066 1692 2418 1760 indicativi.

721 1889 807 1957 Ut
877 1888 1258 1977 praeterito
1320 1888 1463 1955 ind.
1528 1886 1879 1976 particula
1939 1906 2001 1950 ειν
2047 1907 2561 1976 nonnunquam
2600 1887 2947 1956 indefiniti

625 2029 696 2089 et
741 2022 991 2089 incerti
1041 2022 1410 2090 cuiusdam
1460 2021 1819 2089 notionem
1867 2021 2030 2089 addi
2077 2020 2420 2109 vidimuS,
2469 2022 2571 2089 sic
2620 2021 2832 2089 etiam
2858 2018 2947 2086 ad

626 2175 854 2243 praes.
915 2153 1059 2222 ind.
1126 2174 1335 2243 saepe
1397 2154 1737 2244 explicari
1803 2160 2054 2243 potest.
2103 2153 2258 2222 Non
2307 2155 2495 2223 enim
2543 2154 2948 2222 Hermanno

628 2288 1018 2373 assentior,
1083 2288 1203 2377 qui
1268 2281 1836 2357 constructiones
1884 2307 2109 2377 praes,
2156 2287 2300 2356 ind.
2349 2308 2511 2357 cum
2557 2306 2620 2352 ἄν
2660 2287 2948 2365 omnino

626 2419 988 2489 erroribus
1037 2421 1657 2509 grammaticorum
1706 2422 1945 2489 refert.
1993 2421 2145 2489 Lib.
2193 2420 2224 2489 Ι
2272 2420 2436 2509 Cap.
2484 2420 2549 2489 9.

715 2553 872 2622 Non
934 2575 1116 2642 nego
1177 2574 1443 2643 paucos
1506 2561 1786 2623 tantum
1852 2575 2008 2623 esse
2055 2554 2247 2623 locos
2294 2555 2485 2644 apud
2531 2553 2947 2644 Aristopha-

627 2707 828 2771 nem,
894 2687 1014 2755 ubi
1076 2707 1304 2776 praes.
1368 2687 1508 2755 ind.
1576 2708 1737 2755 cum
1787 2706 1849 2751 εεν
1896 2663 2329 2757 construitur
2377 2694 2448 2756 et
2494 2708 2614 2757 eos
2661 2688 2946 2786 quidem

625 2821 1002 2911 plerosque
1048 2821 1187 2889 levi
1235 2822 1643 2890 coniectura
1690 2822 1764 2889 in
1791 2822 2084 2890 formam
2114 2822 2394 2891 solitam
2420 2824 2681 2891 mutari
2705 2842 2948 2911 posse,

626 2977 790 3026 cum
828 2964 982 3048 ,aut
1050 2954 1397 3044 particula
1468 2961 1783 3024 mutetur
1851 2958 1999 3024 sive
2069 2955 2397 3043 tollatur,
2468 2963 2592 3026 aut
2655 2955 2947 3025 verbum

628 3090 847 3160 alium
896 3089 1184 3157 modum
1234 3095 1486 3157 sumat.

602 3239 605 3242 ’
715 3224 834 3293 Sic
879 3224 1159 3291 Thesm.
1208 3243 1306 3290 vs.
1354 3224 1444 3291 99
1484 3222 1798 3312 Scaliger
1844 3240 1905 3286 ειν
1951 3224 2023 3290 in
2074 3222 2149 3288 αὖ
2195 3225 2496 3294 mutavit
2541 3246 2622 3293 ex
2672 3223 2799 3292 Av.
2846 3244 2947 3292 vs.

624 3357 792 3445 226,
839 3356 963 3424 ubi
1010 3356 1254 3425 eadem
1303 3358 1518 3425 verba
1566 3343 1973 3426 occurrunt.

715 3490 897 3561 Nub.
949 3513 1047 3559 vs,
1097 3490 1229 3559 395
1276 3512 1559 3580 quoque
1607 3509 1668 3555 ἄν
1717 3497 2066 3560 mutatum
2114 3498 2223 3559 est
2268 3492 2343 3559 in
2391 3489 2485 3558 αὗ.

716 3625 895 3710 Αοὶι.
942 3645 1039 3691 vs.
1087 3625 1221 3693 873
1268 3646 1395 3713 pro
1443 3626 1564 3690 ἐστ’
1613 3643 1675 3687 ἄν
1721 3625 1981 3713 legitur
2025 3630 2194 3690 ἐστίν.
2264 3624 2448 3693 Plut.
2501 3645 2597 3692 vs.
2643 3624 2777 3693 885
2823 3644 2950 3713 pro

628 3780 690 3824 ἀν
749 3764 871 3823 ἐστι
932 3759 1129 3826 ἔνεστι.
1180 3758 1362 3827 Plut.
1416 3779 1514 3826 vs.
1562 3757 1697 3827 883
1741 3779 1870 3848 pro
1915 3754 2017 3840 οὐδ
2062 3774 2121 3822 ἀν
2162 3769 2417 3849 προτιμῶ
2463 3782 2567 3822 σου
2613 3753 2773 3822 οὐδὲν
2818 3764 2949 3826 cei.

719 3893 844 3982 Eq.
898 3913 992 3960 vs.
1039 3892 1211 3961 1131
1264 3912 1488 3982 praes,
1538 3893 1682 3960 ind.
1731 3904 1899 3968 ποιεῖς
1946 3898 2297 3961 mutatum
2346 3899 2455 3962 est
2497 3893 2570 3959 in
2618 3873 2814 3967 ποιοῖξε

1389 4087 1577 4174 χοῦτώ
1621 4093 1723 4175 μὲν
1770 4106 1831 4152 ἂν
1877 4086 1937 4152 εὗ
1982 4098 2168 4163 ποιοῖς.

721 4283 898 4351 Ran.
949 4305 1048 4352 vs,
1100 4283 1275 4351 1420
1320 4303 1547 4371 praes,
1596 4283 1740 4351 ind.
1790 4291 2141 4352 mutatum
2190 4291 2299 4352 est
2346 4284 2418 4352 in
2467 4284 2661 4352 coni:

1141 4482 1392 4569 ὁπότερος
1437 4475 1529 4541 οὗν
1573 4496 1633 4542 ἂν
1679 4488 1753 4567 τῇ
1799 4476 1951 4542 πόλει
1995 4467 2348 4568 παράινὲσειν

1139 4611 1320 4703 μέλλῃ
1369 4636 1421 4677 τι
1465 4619 1756 4702 χρηστὸν,
1805 4620 1993 4676 τοῦτον
2013 4662 2029 4693 ,
2076 4609 2216 4687 ἄξειν
2259 4637 2352 4699 μοι
2388 4606 2555 4677 δοκῶ.
