3484 5609
1847 520 1938 589 60

814 718 914 786 Cf.
963 718 1140 786 Ran.
1192 738 1290 784 νε.
1338 717 1505 801 132,
1553 717 1718 799 570,
1767 717 1934 801 685,
1988 716 2155 798 807,
2202 717 2381 785 Nub.
2433 738 2532 785 vs.
2580 717 2794 796 1126,
2844 717 3032 803 1500,

727 853 913 921 Eccl.
959 851 1126 935 803,
1177 852 1381 940 Vesp.
1434 873 1531 920 vs.
1586 850 1758 934 807,
1808 851 1967 940 Lys.
2019 872 2116 918 vs.
2172 848 2347 934 412,
2395 849 2542 918 768.
2591 851 2751 918 Non
2799 852 3033 940 igitur,
3108 861 3113 866 ’

727 987 801 1053 ni
861 985 1098 1071 fallor,
1167 1006 1347 1074 opus
1413 992 1521 1053 est
1589 986 2003 1054 coniectura
2058 984 2388 1053 Meinekii
2436 985 2559 1074 qui
2604 983 2733 1053 Av.
2784 1005 2879 1052 νε.
2917 986 3036 1053 190

727 1140 855 1208 pro
899 1122 1145 1183 Θύσωσιν
1194 1120 1399 1183 θύωσιν
1447 1118 1904 1187 scribendum
1956 1139 2111 1186 esse
2160 1123 2384 1208 putat.
2523 1092 2530 1103 Χ

815 1252 895 1320 In
967 1251 1499 1340 quaestionibus
1569 1252 1934 1320 indirectis
2009 1271 2149 1319 aor.
2225 1252 2405 1319 coni.
2491 1271 2773 1340 sempe-1·
2843 1251 3039 1320 habet

728 1386 960 1474 signif.
1043 1386 1287 1453 futuri.
1397 1384 1498 1453 Cf.
1562 1385 1745 1453 Nub.
1813 1406 1911 1452 νε.
1982 1385 2154 1469 535,
2239 1373 2415 1453 Ran.
2487 1405 2584 1452 vs.
2653 1384 2822 1470 175,
2885 1384 3038 1472 644,

728 1518 940 1604 1517,
1004 1520 1211 1607 Vesp.
1284 1540 1381 1586 vs.
1446 1518 1613 1601 271,
1663 1518 1831 1603 398,
1891 1518 2063 1587 Ach.
2115 1539 2212 1586 νε.
2259 1517 2457 1587 1031.
2528 1519 3041 1607 Nonnunquam

732 1653 1015 1741 propria
1082 1651 1506 1740 significatio
1569 1652 1815 1721 aoristi
1866 1653 2303 1720 coniunctivi
2354 1652 2689 1740 explicari
2737 1659 2965 1741 potest
3007 1674 3041 1721 e

731 1786 1248 1876 significatione
1294 1787 1600 1874 quadam
1647 1788 2051 1855 incohativa
2101 1786 2442 1875 temporis
2489 1786 2904 1875 praesentis.

824 1918 1206 1987 Videamus
1254 1918 1383 1988 Av.
1434 1940 1532 1987 νε.
1580 1917 1745 1987 577;

818 2142 887 2209 ἢν
933 2135 985 2203 δ’
1032 2139 1125 2204 οὖν
1169 2146 1322 2227 ἡμᾶς.
1370 2146 1472 2227 μὲν
1515 2146 1604 2205 ὑπ’
1651 2148 1880 2230 οἰγνοίας
1930 2141 2066 2204 εἶναι
2111 2149 2382 2229 νομίσωσι
2427 2148 2488 2206 τὸ
2530 2137 2713 2229 μηδὲν

821 2279 1042 2348 τούτους
1086 2268 1151 2336 δὲ
1200 2275 1350 2349 θεοὺς
1392 2264 1518 2348 τοὺς
1562 2280 1619 2337 ἐν
1660 2272 1983 2361 Ὀλύμπῳ,
2033 2279 2155 2338 τοτε
2202 2283 2319 2366 χρὴ
2364 2278 2650 2365 στρούθων
2693 2281 2849 2366 νέφος
2888 2277 3048 2364 οὲρθὲν

822 2417 918 2471 καὶ
958 2403 1367 2498 σπερμολόγων
1413 2411 1476 2470 ἐκ
1523 2417 1633 2471 τῶν
1681 2415 1875 2498 α’γρὼν
1922 2414 1983 2472 τὸ
2033 2407 2244 2498 σπέρμ’
2285 2414 2480 2472 ἀὐτῶν
2524 2408 2843 2496 ἀνακάψαι.

827 2674 1162 2743 Videmus
1229 2681 1495 2760 νομίσωσι
1563 2673 1865 2742 eundem
1938 2674 2168 2742 locum
2233 2676 2304 2741 in
2377 2676 2729 2743 sententia
2801 2675 3044 2743 habere

737 2828 948 2897 quem
1013 2807 1138 2874 Av.
1204 2828 1302 2875 vs.
1359 2807 1493 2876 586
1539 2813 1803 2896 ἡγῶνται.
1855 2807 2094 2896 Comp.
2162 2808 2336 2876 Ran.
2389 2829 2486 2875 νε.
2535 2807 2712 2877 1463
2755 2817 3041 2896 νομίσωσι,

734 2939 861 3009 Αν.
912 2961 1012 3007 νε.
1085 2939 1217 3009 723
1283 2948 1582 3026 νομίσητε,
1646 2941 1829 3029 Plut.
1896 2962 1994 3009 νε.
2044 2941 2179 3010 682
2241 2939 2485 3009 etAv.
2537 2963 2635 3010 νε.
2681 2940 2860 3011 1366
2900 2948 3039 3029 νομί-

736 3099 880 3159 σας,
952 3075 1138 3163 quod
1212 3076 1466 3163 partio·
1527 3076 2116 3165 significationem
2183 3075 2395 3144 habet
2457 3076 2794 3165 temporis
2858 3095 3040 3164 prae-

735 3208 993 3288 sentiS‚
1087 3209 1252 3295 quia
1339 3207 1633 3276 verbum
1720 3212 1950 3295 νομίζειν
2043 3208 2155 3276 hic
2225 3229 2380 3303 ‘non
2450 3209 2638 3276 idem
2707 3209 3045 3298 significat

738 3340 922 3429 quod
1008 3342 1300 3430 ἡγεῖσθαι,
1379 3349 1650 3430 putare,
1715 3343 2080 3431 opinionem
2139 3342 2401 3423 habere,
2466 3340 2876 3431 sed‘potius
2919 3344 3043 3432 opi-

736 3475 995 3542 nionem
1078 3476 1432 3564 suscipere,
1519 3476 1618 3543 ita
1678 3475 1777 3544 ‘dt
1841 3482 2121 3564 tempus
2184 3479 2643 3564 praeteritum
2711 3476 3045 3565 significet

735 3608 1098 3697 opinionem
1187 3609 1453 3694 habere,
1542 3616 1798 3697 putare.
1914 3609 2071 3677 Non
2155 3613 2395 3677 tamen
2475 3613 2711 3696 νομίζειν
2794 3608 3044 3697 ubique

737 3740 1322 3829 significationem
1403 3743 1875 3830 incohativam
1952 3742 2184 3812 habet.
2278 3743 2803 3832 Nonnunquam
2871 3744 3044 3813 enim

737 3874 926 3943 idem
976 3875 1329 3964 significat
1378 3876 1568 3965 quod
1616 3879 1895 3966 ἡγεῖσθαι.
1960 3877 2036 3944 Ε.
2088 3897 2149 3966 g.
2201 3876 2384 3945 Plut.
2434 3897 2532 3945 νε.
2576 3876 2742 3946 273;

1060 4105 1283 4171 πάντως
1328 4107 1442 4189 γάρ
1493 4101 1786 4189 ἄνθρωπον
1833 4104 1992 4189 φύσει
2034 4107 2270 4163 τοιοῦτον
2314 4105 2368 4173 ἐς
2413 4108 2489 4163 τοὶ
2531 4106 2724 4164 πάντα

1060 4234 1285 4322 ἡγεῖσθέ
1329 4233 1390 4319 μ’
1441 4233 1575 4296 εἶναι
1619 4226 1816 4295 κούδὲν
1860 4234 1932 4294 ἂν
1976 4234 2205 4320 νομίζεθ’
2247 4237 2395 4323 ὑγιὲς
2438 4241 2635 4318 εἰπεῖν;

745 4451 828 4519 cf.
877 4450 1004 4520 Αν.
1054 4473 1152 4520 νε.
1200 4451 1397 4521 1349.

827 4584 945 4654 Sic
1015 4586 1236 4655 etiam
1302 4583 1548 4677 ἄρξωσιν
1615 4585 1752 4655 Αν.
1822 4607 1920 4655 νε.
1985 4588 2160 4656 ’1606
2205 4589 2427 4657 futuri
2474 4578 3042 4679 significationem
