3484 5609
690 974 731 1051 ἓ
777 970 841 1036 4.
933 966 1028 1034 De
1072 966 1306 1033 aoristo
1351 964 1616 1053 optativi
1661 985 1809 1031 cum
1855 965 1926 1025 ἄν
1966 969 2333 1050 comparato
2376 981 2521 1026 cum
2563 961 2784 1048 futuro

1512 1165 1523 1172 “
1563 1139 1919 1210 indicativi.

658 1385 797 1454 Ubi
866 1392 1008 1473 opt.
1081 1391 1222 1472 pot.
1296 1383 1749 1451 coniunctivo
1813 1353 2276 1451 deliberativo
2342 1387 2705 1475 congruit,
2755 1387 2908 1475 ple-

566 1539 865 1608 rumque
912 1538 953 1586 a
1001 1519 1128 1587 fut.
1176 1517 1322 1585 ind.
1375 1517 1701 1585 nonnihil
1748 1514 2015 1597 differt3
2067 1536 2279 1606 saepe
2326 1525 2564 1588 autem
2609 1541 2647 1589 e
2673 1541 2912 1589 rerum

567 1652 1220 1739 vocabulorumque
1269 1657 1607 1719 contextu
1640 1650 1877 1719 lucide
1902 1657 2198 1739 apparet
2225 1652 2624 1740 optativum
2652 1673 2811 1722 cum
2839 1656 2910 1716 ἄν

568 1787 992 1877 praesertim
1037 1806 1181 1854 aor.
1231 1786 1520 1853 omnino
1568 1784 1759 1853 idem
1809 1784 2210 1874 significare
2256 1805 2340 1854 ac
2387 1785 2516 1854 fut.
2566 1787 2710 1854 ind.
2920 1759 2926 1767 ’

659 1920 784 2002 10,
848 1920 986 1989 Ubi
1048 1940 1192 1988 aor.
1257 1925 1398 2008 opt.
1465 1939 1628 1988 cum
1674 1921 1745 1981 ἄν
1795 1918 2102 1987 eundem
2151 1918 2388 1987 locum
2434 1920 2510 1987 in
2560 1922 2915 1989 sententia

571 2056 843 2125 obtinet
892 2075 1106 2144 quem
1153 2055 1280 2122 fut.
1328 2053 1474 2120 ind.
1525 2050 1698 2121 Ach.
1751 2021 1852 2119 vs.
1899 2050 2064 2119 403:

998 2282 1061 2341 οὐ
1100 2285 1216 2367 γάρ
1260 2277 1333 2339 ἂν
1379 2275 1682 2363 ἀπέλθοιμ’
1727 2273 1885 2338 οὶλλοὶ
1930 2274 2092 2362 κόψω
2141 2282 2244 2342 τήν
2269 2278 2508 2367 θύραν.

663 2520 761 2588 Cf.
829 2521 988 2588 Pac.
1060 2539 1168 2586 vs.v
1232 2516 1409 2585 1086
1479 2522 1716 2606 seqq.‚
1804 2517 1994 2586 Eccl.
2068 2537 2169 2585 vs.
2237 2516 2404 2603 921,
2476 2516 2658 2608 Ὧραι
2727 2519 2954 2607 ειριιιίΚ

573 2653 1023 2721 Athenaeum
1086 2653 1132 2719 9
1192 2673 1258 2741 p.
1306 2651 1443 2720 372
1489 2651 1554 2720 b.
1612 2650 2057 2740 (Dindorfius
2108 2651 2190 2718 fr.
2237 2650 2442 2740 476),
2492 2650 2617 2719 ubi
2663 2647 2795 2726 ἴδοις
2846 2656 2918 2715 ἄν

574 2784 878 2855 eundem
927 2786 1166 2855 locum
1211 2787 1287 2854 in
1336 2786 1691 2880 sententia
1738 2784 1955 2854 habet
2002 2806 2217 2874 quem
2260 2785 2402 2872 ὄψει.

661 2920 1045 2989 Videamus
1093 2919 1327 2988 adhuc
1375 2941 1599 2989 unum
1646 2919 1885 2989 locum
1934 2919 2546 2988 animadversione
2582 2908 2917 3008 dignum,

570 3054 758 3122 Eccl.
836 3074 937 3122 vs.
1015 3052 1147 3122 247
1225 3075 1418 3144 seqq.
1485 3054 1767 3123 Mulieri
1825 3053 1907 3121 A.
1980 3055 2455 3143 Praxagoram
2525 3027 2909 3120 conciona—

574 3197 807 3259 turam
871 3188 1185 3277 roganti,
1258 3189 1429 3276 quid
1491 3189 1666 3257 haec
1730 3207 2164 3276 responsura
2228 3189 2356 3274 sit,
2423 3188 2485 3255 si
2555 3185 2909 3274 Cephalus

575 3323 866 3412 quidam
912 3343 1070 3392 eam
1117 3324 1435 3412 increpet
1480 3324 1555 3391 in
1603 3323 1981 3410 concione,
2043 3322 2220 3391 haec
2269 3320 2441 3390 dicit
2491 3341 2569 3390 se
2615 3341 2909 3409 respon-

575 3478 817 3526 suram
865 3478 1021 3527 esse
1067 3479 1217 3525 eum
1262 3458 1584 3546 insipere;
1632 3452 1912 3546 roganti
1949 3454 2239 3542 deinde,
2285 3454 2456 3544 quid
2482 3473 2915 3543 responsura

575 3593 703 3674 sit,
788 3591 849 3661 si
917 3592 1292 3661 Neoclides
1362 3611 1519 3659 eam
1591 3592 1949 3679 increpet,
2034 3589 2205 3657 dicit
2267 3611 2334 3657 sc
2404 3588 2579 3655 hunc
2647 3590 2914 3656 iussisse

575 3729 758 3794 canis
804 3749 1010 3795 anum
1057 3728 1452 3816 conspicere:

1110 3955 1286 4037 τούτῳ
1330 3954 1435 4036 μὲν
1480 3948 1625 4029 εἷπον
1671 3952 1726 4021 ἐς
1772 3952 1932 4020 κυνὸς
1977 3952 2169 4036 πυγὴν
2218 3949 2375 4036 ὀροῖν.

664 4202 883 4269 Porro
948 4200 1274 4289 sequitur
1339 4204 1573 4266 cetera
1623 4196 1973 4264 confessio
2022 4197 2506 4283 Praxagorae,
2558 4193 2731 4282 quid
2777 4193 2913 4260 fac-

575 4342 737 4404 tura
821 4336 949 4419 sit,
1029 4335 1091 4402 si
1157 4333 1292 4401 hoc
1360 4332 1625 4401 illudve
1695 4333 1770 4399 in
1844 4331 2184 4399 concione
2253 4329 2392 4417 ipsi
2463 4327 2916 4396 concionanti

576 4470 873 4538 accidat.

668 4605 896 4675 Verba
957 4612 1123 4696 φήσω
1186 4624 1283 4670 vs.
1347 4601 1514 4687 250,
1579 4605 2031 4692 προσκινήσομαι
2077 4618 2176 4665 vs.
2227 4596 2395 4680 256,
2444 4592 2764 4686 ἐξαγκωνιῶ
2812 4613 2912 4662 vs.
