3484 5609
1713 531 1805 599 93

676 725 956 795 Thesm.
1005 747 1107 795 vs.
1156 725 1367 794 1016:

1395 867 1516 931 πῶς
1564 858 1637 920 ἂν
1682 856 1980 945 ἀπέλθοιμι
2026 866 2124 920 καί
2241 911 2255 920 ι

1397 997 1490 1055 τὸν
1538 991 1766 1061 Σκύθην
1812 990 2071 1077 λάθοιμι;

674 1121 811 1190 Ubi
880 1124 1241 1211 optativus
1311 1121 1531 1209 λάθοιμι
1599 1122 1805 1190 nihili
1869 1129 1979 1191 est
2042 1122 2182 1189 nisi
2245 1143 2284 1187 e
2333 1121 2569 1210 priore
2618 1113 2933 1209 optativo

586 1254 955 1345 potentiali
1002 1255 1355 1344 particula
1400 1270 1466 1318 ἄν
1511 1262 1754 1324 mente
1801 1256 2124 1344 repetita.

656 1388 778 1463 ‚De
825 1387 1007 1456 Nub.
1058 1408 1157 1456 VS.
1207 1388 1375 1457 425:

719 1515 837 1584 οὐδ’
881 1521 954 1584 ἂν
1000 1516 1359 1606 διαλεχθείην
1403 1526 1456 1609 γ’
1501 1527 1758 1605 α’τεχνῶς
1806 1531 1916 1594 τοῖς
1958 1519 2140 1594 ἄλλοις
2158 1574 2176 1607 ‚
2224 1514 2340 1583 οὐδ’
2386 1520 2458 1583 ἂν
2503 1527 2776 1620 άπαντῶν
2795 1572 2811 1602 ‚

719 1647 837 1716 οὐδ’
857 1651 863 1657 ’
884 1654 956 1715 ἂν
1001 1654 1249 1740 θύσαιμ’,
1298 1647 1413 1716 οὐδ’
1459 1653 1533 1715 ἂν
1579 1657 1896 1740 σπείσαιμ’,
1945 1647 2069 1716 οὐδ’
2115 1652 2355 1721 ἐπιθείην
2400 1651 2737 1736 λιβανωτὸν.

589 1785 744 1853 Vid.
797 1783 1109 1884 Cap9III
1158 1785 1195 1873 g
1241 1785 1306 1852 5.

677 1918 1204 2006 Nonnunquam
1268 1919 1483 1987 etiam
1547 1934 1611 1982 ἄν
1676 1919 2021 1986 omissum
2070 1922 2215 1998 est,
2264 1918 2589 2006 quamvis
2640 1917 2932 1985 verbum

589 2072 731 2119 non
799 2051 1260 2120 coniunctum
1313 2052 1407 2119 sit
1455 2072 1619 2120 eum
1666 2050 1893 2120 altero
1943 2050 2156 2119 verbo
2205 2071 2368 2122 cum
2414 2068 2477 2113 ἄν
2524 2055 2936 2118 constructo

587 2184 662 2250 in
710 2182 960 2251 eadem
1007 2184 1397 2270 sententia,
1449 2183 1833 2252 dummodo
1882 2184 1956 2252 in
2004 2184 2239 2273 priore
2287 2183 2638 2251 sententia
2687 2182 2934 2249 huius-

590 2316 782 2384 modi
869 2315 1165 2384 verbum
1253 2335 1418 2384 cum
1502 2330 1565 2379 ἄν
1650 2297 2141 2384 constructum
2213 2315 2434 2400 adsit,
2505 2319 2574 2382 et
2646 2317 2937 2402 propter

591 2447 1101 2518 vocabulorum
1169 2454 1582 2517 contextum
1653 2449 1831 2517 haee
1901 2448 2253 2537 particula
2324 2446 2528 2516 facile
2599 2467 2638 2513 e
2700 2446 2936 2534 priore

591 2581 804 2649 verbo
852 2580 943 2648 ad
991 2580 1348 2669 posterius
1398 2586 1635 2649 mente
1682 2580 2124 2670 suppleatur.
2174 2581 2251 2649 E.
2301 2600 2364 2668 g.

679 2713 869 2782 Ecel.
920 2734 1030 2781 vs.
1067 2712 1235 2781 805:

1572 2851 1726 2911 πάνυ
1775 2845 1833 2934 γ’
1883 2847 1955 2909 άν
2001 2844 2094 2909 οὖν
2142 2846 2496 2920 Ἀντισθένης

1103 2979 1234 3045 αὔτ’
1281 2983 1599 3069 εἰσενέγκοι·
1650 2978 1793 3043 πολὺ
1841 2987 1959 3069 γάρ
2004 2978 2405 3068 ἐμμελέστερον

1108 3120 1378 3204 πρότερον
1424 3116 1602 3198 χέσαι
1647 3112 1805 3176 πλεῖν
1855 3113 1893 3181 ἦ
1940 3111 2224 3202 τριάκονθ’
2271 3116 2504 3201 ἡμέρας.

678 3245 814 3315 Ubi
861 3246 952 3314 ad
999 3246 1398 3334 optativum
1447 3250 1623 3331 χέσαι
1669 3245 2022 3335 particula
2070 3258 2133 3307 ἄν
2180 3264 2219 3312 e
2264 3244 2516 3331 prioris
2543 3242 2937 3311 sententiae

590 3379 905 3468 optativo
972 3377 1343 3466 potentiali
1406 3380 1478 3442 ἄν
1664 3427 1679 3443 .
1729 3382 2024 3468 εἰσενέγκοι
2086 3383 2324 3446 mente
2372 3375 2758 3466 repetenda
2805 3381 2936 3444 est.

590 3511 818 3588 Quam
883 3510 974 3580 ob
1037 3531 1189 3579 rem
1250 3512 1604 3580 assentior
1651 3511 1955 3600 Bergkio
2003 3511 2183 3579 Ran.
2234 3530 2332 3578 vs,
2379 3509 2514 3577 572
2559 3529 2754 3597 seqq.
2803 3509 2937 3576 hoc

592 3644 803 3712 modo
851 3642 1270 3713 scribentis:

848 3776 1054 3842 IIAN.
1145 3780 1222 3850 ὡς
1268 3771 1453 3850 ἡδέως
1497 3790 1561 3839 ἄν
1609 3800 1718 3840 σου
1763 3775 1896 3863 λίθῳ
1942 3781 2066 3851 τοὺς
2111 3783 2377 3867 γομφίους

1153 3909 1414 3996 κόπτοιμ’
1463 3924 1526 3973 ἄν
1545 3959 1561 3990 ,
1610 3910 1686 3984 οἷς
1732 3934 1841 3996 μου
1886 3913 2209 3999 κατέφαγες
2256 3917 2330 3973 τά
2362 3916 2596 3998 Χφορτία.

847 4040 1056 4106 ΠΛΑ.
1148 4046 1262 4130 ἐγὼ
1308 4036 1374 4105 δέ
1420 4040 1479 4130 γ’
1528 4049 1600 4117 εὶς
1645 4048 1708 4108 τὸ
1759 4042 2056 4132 Βάραθρον
2101 4039 2410 4128 ἐμβάλοιμί
2455 4065 2541 4105 σε.

848 4172 1054 4240 ΠΑΝ.
1150 4177 1262 4263 ἐγὼ
1309 4169 1375 4238 δὲ
1422 4180 1517 4238 τὸν
1563 4173 1816 4264 λάρυγγ’
1865 4175 1940 4238 ἂν
1986 4177 2267 4261 ἐκτέμοιμί
2314 4198 2436 4242 σου.

680 4304 1027 4373 Dindorfii
1096 4311 1333 4374 autem
1406 4306 1619 4375 lectio
1689 4302 1745 4371 δ’
1810 4308 1882 4370 ἂν
1943 4312 1999 4381 ἐς
2046 4327 2175 4395 pro
2221 4301 2288 4370 δέ
2331 4308 2391 4397 γ’
2439 4315 2510 4381 εἰς
2557 4306 2936 4374 scribentis

591 4437 766 4506 mihi
811 4457 955 4506 non
1004 4436 1276 4526 placet,
1327 4440 1494 4527 quia
1542 4440 1904 4527 optativus
1950 4438 2256 4527 ἐμβάλοιμι
2296 4445 2588 4528 propter
2628 4439 2935 4527 priorem

593 4571 988 4661 optativum
1039 4573 1503 4664 potentialem
1551 4571 1812 4663 κόπτοιμ’
1859 4574 1931 4636 ἄν
1977 4572 2330 4663 particula
2368 4575 2440 4640 ἄν
2465 4571 2668 4643 facile
2695 4591 2936 4643 carere
