3484 5609
1754 586 1845 653 36

709 779 809 847 Cf.
898 779 1023 868 Eq.
1090 800 1186 846 vs,
1225 779 1361 849 989
1406 779 1529 848 ubi
1577 779 1801 849 Aldus
1849 783 2287 870 ἐναρμόττεσθαι
2333 782 2404 848 in
2455 782 2527 844 ἂν
2572 783 2953 870 ἁρμόττεσθαι

620 914 955 981 mutavit:

1361 1049 1503 1128 φασὶ
1545 1048 1663 1129 γάρ
1708 1045 1880 1104 αὐτὸν
1925 1045 1971 1103 οἱ

1360 1169 1560 1249 παῖδες
1576 1228 1593 1258 ‚
1650 1179 1698 1238 ot
1742 1172 2070 1263 ξυνεφοίτων
2088 1228 2105 1260 ,

1363 1314 1467 1376 τὴν
1515 1308 1765 1398 Δωριστὶ
1809 1310 1984 1395 μόνην
2029 1308 2101 1370 ἂν
2145 1314 2223 1392 ἀρ
2248 1347 2335 1356 -

1360 1443 1664 1528 μὸττεσθαι
1707 1443 1868 1527 θαμά
1912 1448 2014 1509 τὴν
2060 1439 2237 1529 λύραν
2254 1494 2271 1526 ‚

715 1635 850 1705 Ubi
888 1640 960 1700 ἄν
985 1637 1168 1704 idem
1197 1637 1584 1725 significat,
1627 1637 1817 1726 quod
1846 1636 2180 1726 deinceps
2215 1638 2408 1723 Θαμά,
2456 1637 2844 1715 identidem,
2884 1619 2958 1698 otio

622 1772 1001 1858 ἁρμόττεσθαι
1061 1772 1539 1838 accommodare
1603 1772 1833 1851 solere,
1886 1791 2026 1859 qua
2075 1769 2589 1860 significatione
2637 1770 2954 1837 iteratio-

624 1904 735 1970 nis
782 1903 898 1971 hic
946 1925 1124 1993 opus
1172 1912 1280 1972 est
1328 1910 1618 1992 propter
1667 1903 1956 1972 verbum
1999 1906 2339 1994 ξυμφοιτᾱν,
2389 1904 2578 1993 quod
2606 1901 2959 1991 significat

624 2059 763 2104 una
808 2038 881 2103 in
926 2038 1207 2104 scholam
1254 2039 1351 2104 ire
1394 2039 1628 2121 solere,
1680 2037 2033 2125 habetque
2080 2038 2298 2126 igitur
2345 2038 2560 2105 etiam
2602 2035 2957 2125 significa-

586 2162 892 2239 'tionem
942 2172 1404 2260 repetitionis.
1965 2267 1972 2272 .

717 2306 818 2374 Ex
866 2307 992 2391 iis,
1042 2291 1243 2395 quae
1273 2305 1359 2374 de
1405 2309 1477 2369 ἄν
1525 2327 1685 2374 cum
1713 2305 2064 2373 infinitivo
2090 2305 2435 2391 diximus,
2485 2311 2739 2395 sponte
2765 2310 2961 2395 patet

629 2440 812 2507 hanc
852 2439 1274 2529 particulam
1326 2460 1693 2528 nunquam
1741 2461 1904 2507 cum
1955 2440 2194 2508 futuro
2242 2439 2578 2508 infinitivi
2618 2440 2959 2507 construi.

1470 3137 1933 3236 CAPUT
2017 3139 2135 3234 II.

892 3579 986 3627 m:
1053 3579 1475 3629 PARTIGULA
1533 3563 1604 3623 ἅν
1669 3580 1747 3628 IN
1815 3579 2197 3629 ORATIONE
2264 3578 2607 3638 ossL1QUA.

1142 3789 1183 3865 ξ
1230 3783 1293 3850 1.
1386 3783 1480 3851 De
1523 3785 1809 3852 oratione
1852 3784 2102 3870 obliqua
2150 3784 2463 3882 universe.

726 3976 1148 4065 Priusquam
1215 3979 1299 4045 de
1367 3997 1429 4040 een
1490 3979 1563 4045 in
1622 3979 1940 4046 oratione
1983 3977 2272 4068 obliqua
2319 3978 2712 4068 loquimur,
2762 3976 2967 4046 nobis

639 4110 1095 4179 statuendum
1143 4118 1287 4195 est,
1342 4132 1523 4200 quae
1571 4112 2008 4180 constructio
2036 4113 2139 4180 sic
2163 4111 2593 4201 appelletur,
2645 4132 2969 4202 quaeque

640 4242 783 4310 sint
818 4241 1135 4312 diversae
1183 4247 1578 4314 sententiae
1625 4246 1700 4313 in
1750 4246 2069 4314 oratione
2118 4245 2426 4335 obliqua.

729 4378 810 4445 In
866 4379 1183 4445 oratione
1246 4378 1534 4467 obliqua
1597 4385 1706 4446 est
1766 4379 2032 4468 posita,
2100 4399 2570 4467 quaecunque
2615 4380 2971 4449 sententia

642 4532 772 4581 sua
840 4512 1064 4601 ipsius
1127 4519 1380 4581 natura
1443 4512 1719 4581 nullum
1783 4512 2214 4602 completum
2276 4533 2566 4581 sensum
2614 4514 2967 4601 continet,

642 4645 766 4713 sed
815 4646 1230 4733 pronomine
1278 4645 1569 4714 relativo
1621 4645 1729 4714 vel
1776 4647 2276 4714 coniunctione
2320 4668 2478 4714 cum
2509 4648 2869 4715 sententia
2894 4648 2969 4714 in
