3484 5609
1534 576 1624 644 59

925 780 970 835 εἰ
1016 778 1134 861 γάρ
1180 778 1410 835 τοιαῦτα
1457 772 1514 860 7'
1562 770 1715 845 οὗτος
1766 767 2192 861 ἐξειργασμένος

1136 902 1325 968 λαλῶν
1372 911 1700 985 ἀναπείσει,

924 1044 984 1102 τὸ
1031 1035 1219 1128 δέρμα
1264 1047 1383 1102 τῶν·
1420 1042 1755 1127 γεραιτέρων
1800 1036 2069 1125 λάβοιμεν
2112 1040 2186 1102 ἂν

1132 1146 1266 1235 ἀλλ’
1313 1167 1430 1236 οὐδ’
1478 1169 1776 1263 ἐρεβίνθου.

2081 1294 2089 1329 9

412 1369 539 1436 fut.
609 1367 753 1436 ind.
825 1374 1116 1433 ἀναπείσει
1181 1368 1467 1437 indicat.
1536 1376 1680 1458 opt.
1727 1374 1871 1458 pot.
1925 1367 2196 1457 λάβοιμεν
2241 1373 2311 1434 ἄν
2357 1372 2735 1459 appropin-

414 1521 634 1589 quare
682 1500 1183 1590 significationi
1222 1502 1348 1572 fut.
1397 1502 1543 1570 ind.
1596 1502 1696 1572 Cr.
1745 1502 1911 1592 Cap.
1962 1504 1992 1572 I
2041 1502 2099 1571 A
2149 1509 2188 1586 ξ
2234 1501 2311 1590 4,
2359 1504 2453 1572 30.

499 1633 639 1702 Sed
704 1635 893 1724 apud
959 1641 1100 1724 opt.
1165 1642 1347 1724 pot„
1418 1636 1540 1725 qui
1587 1656 1626 1704 a
1675 1635 2190 1725 significatione
2237 1637 2363 1705 fut.
2409 1612 2554 1705 ind.
2605 1637 2734 1705 dif-

411 1767 582 1854 fert,
627 1767 1003 1837 adhibetur
1050 1776 1191 1857 opt.
1242 1770 1393 1838 sine
1439 1773 1511 1833 ἄν
1555 1771 1629 1838 in
1677 1771 1996 1839 oratione
2042 1770 2358 1860 obliqua:
2408 1771 2583 1839 Ran.
2633 1792 2732 1839 vs.

405 1900 531 1990 96,
601 1901 786 1971 Nub.
854 1903 1024 1989 108,
1098 1902 1248 1971 870.
1300 1902 1453 1971 vid.
1502 1902 1666 1992 Cap.
1717 1904 1781 1972 II
1830 1910 1869 1987 ξ
1918 1905 1962 1973 2
2010 1904 2112 1972 n0.
2158 1903 2219 1972 2.

498 2035 733 2104 Etiam
800 2038 978 2105 coni.
1042 2037 1216 2126 perf.
1267 2057 1429 2106 eum
1474 2039 1579 2124 ἄν,
1646 2037 1836 2126 quod
1884 2037 2144 2128 pendet
2200 2057 2241 2105 a
2295 2036 2509 2106 verbo
2572 2058 2732 2107 cum

413 2169 930 2258 significatione
986 2168 1242 2253 futuri,
1314 2190 1828 2259 nonnunquam
1891 2169 2078 2238 idem
2142 2169 2326 2238 valet
2389 2170 2576 2258 quod
2625 2170 2733 2239 fu-

412 2309 652 2372 turum
703 2307 1048 2372 exactum.

498 2435 623 2504 Av.
677 2457 776 2504 vs.
823 2436 989 2504 554:

584 2616 804 2679 κᾶπειτ’
849 2616 918 2682 ἢν
965 2614 1111 2679 τοῦτ’
1158 2619 1521 2702 ἐπανεστήκῃ
1543 2664 1558 2693 ,
1622 2622 1724 2684 τὴν
1771 2621 1962 2704 α’ρχήν
2006 2619 2097 2678 τὸν
2145 2616 2232 2677 Δί’
2278 2621 2553 2681 α’παιτεῖν.

589 2743 851 2835 (κάπειδ’
898 2751 968 2812 α”ν
1014 2750 1087 2816 Δ.
1135 2743 1413 2812 κάπειδάν
1461 2748 1535 2815 Β.
1588 2747 1720 2814 vid.
1781 2747 1977 2813 Dind.
2029 2747 2068 2812 l.
2125 2747 2199 2832 l.)

419 2948 781 3013 ἐπανεστήκει
826 2941 1039 3011 habet
1086 2943 1168 3011 R.
1221 2942 1297 3011 V.
1348 2948 1529 3011 teste
1580 2916 1784 3010 Dinu.
1837 2941 1880 3009 l.
1930 2940 1975 3009 l.
2026 2940 2216 3030 quod
2241 2962 2382 3009 non
2409 2942 2734 3010 convenit

419 3075 627 3144 futuri
676 3077 904 3143 exacti
953 3075 1487 3165 significationi,
1536 3095 1676 3164 qua
1724 3075 1839 3144 hic
1886 3095 2064 3164 opus
2113 3082 2239 3143 est.

493 3209 1021 3298 Nonnunquam
1107 3230 1250 3278 aor.
1323 3211 1502 3278 coni.
1575 3231 1735 3278 eum
1798 3212 1870 3273 ἄν
1958 3208 2276 3296 pendens
2363 3229 2405 3277 a
2490 3209 2732 3277 futuro

413 3343 515 3410 vel
579 3343 915 3428 formula,
964 3362 1146 3432 quae
1193 3344 1422 3432 signif.
1482 3345 1606 3412 fut.
1658 3342 1907 3430 habet,
1960 3342 2462 3432 significationi
2510 3343 2732 3411 futuri

411 3475 948 3565 appropinquat.
999 3476 1149 3544 Vid.
1201 3498 1258 3549 e.
1309 3497 1369 3565 g.

496 3607 681 3679 Nub.
732 3629 830 3677 vs,
879 3607 1087 3681 1499:

940 3792 1086 3851 τοῦτ’
1133 3792 1271 3850 αὐτὸ
1315 3795 1431 3877 γάρ
1475 3796 1570 3850 καὶ
1614 3784 1888 3873 βούλομαι
1908 3837 1921 3864 ,

937 3921 1006 3989 ἢν
1050 3927 1088 3989 ἠ
1135 3890 1339 4007 σμινύη
1394 3944 1485 4006 μοι
1529 3926 1613 4006 μή
1655 3913 1851 4010 προδῷ
1898 3927 1999 3993 τας
2044 3913 2312 4004 ἐλπίδας,

933 4054 971 4123 ἢ
1021 4059 1117 4143 ’γὼ
1165 4056 1430 4144 πρότερὸν
1474 4075 1594 4127 πως
1639 4050 2073 4142 ἐκτραχηλισθῶ
2118 4057 2328 4118 πεσών.

412 4241 546 4312 Ubi
590 4237 786 4332 προδῷ
825 4239 1041 4309 habet
1083 4239 1378 4329 signifie.
1421 4239 1548 4307 fut.
1589 4237 2023 4330 ἐκτραχηλισθῶ
2063 4245 2302 4307 autem
2336 4239 2460 4307 fut.
2482 4240 2729 4308 exacti.

499 4374 915 4466 Significant
983 4375 1172 4442 enim
1244 4375 1417 4441 haec
1491 4372 1738 4441 verba:
1833 4373 1967 4440 Hoc
2026 4374 2244 4462 ipsam
2302 4373 2477 4440 enim
2536 4372 2733 4440 etiam

410 4510 540 4576 volo
627 4509 792 4596 (soil.
854 4529 961 4575 vos
998 4508 1340 4596 perdere),
1410 4509 1542 4574 nisi
1600 4510 1760 4595 forte
1811 4509 1932 4590 liqo
1999 4528 2214 4576 meam
2274 4527 2450 4595 spem
2512 4506 2729 4593 fallet,

415 4652 526 4710 aut
587 4663 694 4730 eqo
750 4648 944 4710 antea
997 4642 1072 4727 (i.
1120 4662 1170 4709 e.
1220 4649 1575 4731 antequam
1620 4641 1734 4708 hoe
1771 4641 2126 4729 perfecero)
2180 4641 2484 4729 delapsus
2530 4659 2654 4708 ero,
