3484 5609
1775 581 1866 649 24

1015 937 1055 1014 ξ
1125 934 1187 999 3.
1280 932 1718 1000 Praeteritum
1788 953 1934 999 cum
2003 935 2073 995 ἄν
2144 933 2607 1021 siqnifioatione

1617 1121 2027 1209 repetitionis,

885 1350 946 1417 1.
1040 1349 1134 1418 De
1179 1351 1382 1417 variis
1430 1350 1637 1417 modis
1682 1350 2155 1438 interpretandi
2204 1352 2276 1414 ἄν
2321 1351 2737 1438 repetitionis,

736 1589 937 1666 Quod
985 1595 1193 1673 antea
1241 1609 1486 1658 revera
1535 1596 1643 1657 est
1691 1590 1959 1658 factum
1999 1588 2215 1658 semel
2266 1589 2375 1657 vel
2402 1590 2615 1658 certis
2642 1592 2983 1680 temporis

646 1724 1023 1790 momentis
1109 1722 1328 1790 refert
1398 1728 1617 1810 praet.
1687 1721 1870 1807 ind.;
1959 1722 2081 1790 sed
2151 1720 2276 1790 ubi
2344 1722 2805 1791 indicandum
2878 1730 2986 1791 est

645 1855 915 1944 aliquid
962 1875 1090 1944 per
1135 1854 1585 1923 indefinitum
1635 1854 1993 1944 quoddam
2041 1863 2322 1944 tempus
2363 1855 2758 1924 identidem
2800 1857 2983 1924 acci-

647 1989 870 2074 disse,
919 1989 1296 2077 praeterito
1339 1988 1706 2057 indicativi
1757 1988 2042 2056 additur
2088 1991 2178 2056 ἄν.
2244 1987 2603 2057 Particula
2648 1991 2720 2053 ἄν
2768 1990 2986 2079 igitur

641 2121 1027 2210 praeterito
1099 2120 1465 2188 indicativi
1535 2141 2051 2210 nonnunquam
2121 2121 2316 2189 addit
2387 2121 2978 2211 significationem

645 2256 1121 2352 repetitionis,
1206 2255 1306 2322 ita
1385 2261 1464 2323 ut
1554 2262 1910 2324 vertamus
1999 2254 2213 2323 verbo
2304 2256 2582 2324 »solere''
2634 2275 2799 2324 cum
2850 2255 2977 2322 inf.

734 2388 889 2456 Vid.
938 2388 1146 2477 Vesp.
1197 2408 1297 2455 vs.
1346 2386 1513 2456 268:

962 2608 1025 2665 οὐ
1071 2607 1184 2688 μὴν
1229 2608 1338 2687 πρὸ
1383 2609 1481 2666 τοῦ
1527 2607 1579 2691 y'
1625 2600 1859 2693 ἐφολκὸς
1905 2601 1991 2671 ἦν·
2042 2600 2197 2666 α’λλά
2241 2613 2458 2693 πρῶτος
2502 2607 2665 2690 ἡμῶν

960 2740 1133 2824 ἡγεῖτ’
1179 2736 1251 2798 ἂν
1298 2730 1456 2817 ᾄδων
1503 2735 1814 2825 Φρυνίχου.

733 2958 875 3026 Non
953 2960 1231 3047 profecto
1317 2966 1512 3025 antea
1592 2958 2012 3025 arcessendus
2082 2966 2254 3038 erat,
2348 2958 2461 3025 sed
2540 2959 2720 3024 nobis
2780 2980 2981 3047 prae-

644 3093 852 3159 cinere
935 3091 1168 3159 solebat
1250 3090 1517 3179 aliquod
1597 3111 1861 3157 carmen
1944 3089 2326 3178 Phryniehi.
2420 3089 2517 3158 Cf.
2608 3089 2791 3158 Nub.
2881 3113 2982 3159 vs.

642 3225 856 3312 1385,
906 3225 1083 3292 Ran.
1132 3246 1230 3292 vs,
1278 3225 1447 3309 948,
1495 3222 1666 3311 950,
1714 3223 1886 3305 960,
1933 3225 2095 3312 961,
2145 3225 2271 3293 Αν.
2324 3246 2422 3293 vs.
2465 3224 2642 3294 1288
2666 3232 2736 3294 et
2781 3226 2981 3314 1289,

644 3360 768 3429 ubi
837 3358 1146 3427 Cobetus
1213 3362 1536 3445 ἀπενέμοντ’
1606 3359 1679 3425 in
1748 3359 1821 3420 ἂν
1889 3363 2124 3446 ἐνέμοντ’
2199 3360 2522 3428 mutavit.
2594 3360 2842 3450 ltaque
2911 3364 2981 3425 ἄν

643 3513 1156 3582 nonnunquam
1225 3492 1567 3561 vocabulo
1642 3493 2074 3560 »identidem
2145 3494 2570 3562 vertendum
2622 3501 2747 3562 est.
2823 3495 2980 3562 Vid.

645 3628 802 3694 Pac.
855 3647 955 3694 νε.
1028 3626 1132 3694 70.
1204 3626 1361 3714 [γε.
1437 3647 1537 3694 νε.
1608 3626 1778 3706 514,
1843 3626 2012 3712 517,
2058 3626 2209 3695 518.
2264 3626 2379 3695 Sic
2427 3627 2612 3696 Plut.
2662 3648 2761 3696 νε.
2809 3627 2979 3715 982,

642 3758 809 3846 983,
852 3758 986 3827 985
1031 3765 1101 3828 et
1147 3759 1281 3828 986
1325 3758 1536 3830 idem.
1564 3759 1920 3849 significat
1969 3761 2160 3849 quod
2205 3759 2341 3828 980
2386 3764 2678 3828 ἑκάστοτε.

688 3970 1004 4062 Χρεμυλος.
1099 3980 1152 4036 τί
1197 3967 1246 4035 δ’
1294 3971 1362 4041 ἦν
1407 3974 1434 4036 ὅ
1480 3996 1534 4036 τι
1586 3996 1690 4037 σου
1736 3972 1969 4060 μάλιστ’
2017 3969 2178 4038 ἐδεῖθ’
2227 3977 2517 4041 ἑκάστοτε.

688 4106 901 4192 Γραῦς.
1104 4112 1165 4169 οὐ
1212 4104 1417 4170 πολλοὶ·
1470 4115 1566 4169 καὶ
1610 4115 1727 4197 γάρ
1774 4112 2036 4195 ἐκνομίως
2078 4109 2142 4195 μ’
2190 4114 2491 4199 ᾐσχύνετο.

1113 4237 1244 4302 ἀλλ’
1291 4246 1567 4329 ἀργυρίου
1619 4234 1898 4329 δραχμάς
1944 4242 2018 4304 ἂν
2063 4243 2237 4329 fre-nd
2287 4246 2490 4306 εἴκοσιν

1112 4379 1184 4447 εἰς
1228 4377 1444 4459 ἱμάτιον
1466 4422 1481 4452 ,
1530 4377 1676 4437 ὀκτὼ
1722 4368 1779 4436 δ’
1828 4374 1900 4436 ἂν
1946 4381 2021 4448 εἰς
2065 4370 2431 4462 ὑποδήματα·

1111 4507 1209 4569 καὶ
1249 4517 1374 4582 ταῖς
1419 4501 1690 4597 ἀδελφαῖς
1733 4513 2023 4597 ἀγοράσαι
2068 4514 2324 4595 χιτώνιον

1114 4638 1401 4705 ἐκέλευσεν
1449 4643 1558 4721 ἄν’,
1608 4651 1679 4729 τῇ
1725 4648 1898 4732 μητρί
1945 4641 1996 4705 Θ’
2044 4640 2334 4730 ἱματίδιον·
