3484 5609
1652 551 1739 619 37

513 747 833 815 oratione
881 751 1075 814 recta
1127 746 1234 814 vel
1282 766 1446 814 cum
1495 746 1634 814 alia
1681 748 2036 815 sententia
2074 747 2150 815 in
2197 747 2516 814 oratione
2562 744 2850 833 obliqua

513 880 929 963 coniuncta,
1016 885 1140 947 aut
1226 879 1440 948 huius
1528 881 1925 949 sententiae
1994 879 2417 949 vocabulum
2481 884 2605 947 aut
2667 879 2850 946 hanc

512 1016 940 1081 sententiam
987 1013 1214 1102 ipsam
1270 1012 1516 1081 definit
1567 1014 1671 1082 vel
1721 1014 2047 1103 explicat.
2115 1014 2524 1082 Sententiae
2570 1013 2645 1080 in
2692 1031 2850 1079 ora-

510 1148 705 1218 tione
774 1148 1062 1237 obliqua
1130 1148 1205 1214 in
1274 1113 1412 1214 tria
1460 1167 1719 1237 genera
1770 1147 1988 1215 dividi
2037 1152 2375 1237 possunt,
2425 1151 2636 1235 prout
2682 1165 2850 1213 con-

511 1286 894 1350 struuntur
936 1301 1099 1349 cum
1148 1280 1602 1348 coniunctivo
1652 1301 1815 1349 curn
1862 1298 1926 1343 ἄν
1972 1287 2099 1349 aut
2143 1280 2529 1348 indicativo
2579 1278 2686 1346 vel
2713 1277 2851 1346 alio
2951 1324 2959 1331 -

514 1416 757 1501 mod0,
825 1416 949 1505 qui
1010 1416 1085 1482 in
1149 1415 1506 1482 sententia
1565 1414 1907 1481 orationis
1955 1420 2190 1481 rectae
2238 1411 2649 1497 adhibetur,
2703 1412 2851 1479 sive

509 1549 874 1638 praeditus
921 1557 1029 1617 est
1069 1546 1416 1637 particula
1463 1564 1524 1610 ow
1572 1547 1674 1615 sic
1723 1552 1802 1615 ut
1850 1548 2210 1636 optativus
2236 1539 2645 1636 potentialis
2675 1543 2848 1632 (vid.

512 1703 572 1751 e.
640 1704 703 1773 g.
769 1682 952 1751 Nub.
1010 1702 1114 1750 vs.
1164 1682 1327 1766 760,
1393 1680 1600 1768 776),
1648 1682 2109 1770 praeteritum
2159 1702 2322 1750 cum
2366 1699 2465 1768 ἄν,
2514 1681 2661 1748 sive
2708 1697 2851 1746 non

511 1824 620 1885 est
682 1816 1050 1905 praeditus
1116 1817 1248 1883 hac
1295 1815 1683 1904 particula,
1735 1814 1858 1882 sed
1907 1814 2142 1883 nudus
2191 1814 2639 1882 indicativus
2691 1813 2851 1880 Ter-

510 1951 690 2019 tium
756 1970 979 2038 genus
1028 1950 1547 2017 sententiarum
1591 1949 1933 2016 orationis
1981 1947 2305 2037 obliquae
2353 1954 2522 2016 sunt
2567 1967 2847 2028 earum,

510 2086 581 2151 in
653 2082 913 2172 quibus
983 2045 1482 2150 construendis
1554 2086 1698 2149 stat
1766 2080 2062 2149 arbitrio
2134 2081 2526 2171 loquentiS,
2607 2087 2849 2150 utrum

513 2216 968 2285 coniunctivo
1020 2235 1183 2283 cum
1231 2232 1293 2277 ειν
1340 2219 1589 2283 utatur
1633 2235 1881 2282 necne.

601 2349 742 2418 Sed
806 2350 940 2416 hoc
999 2347 1381 2416 discrimen
1432 2347 1617 2416 valet
1664 2354 1947 2416 tantum
1993 2349 2066 2415 in
2116 2349 2486 2417 sententiis
2535 2348 2848 2437 penden-

511 2484 704 2552 tibus
768 2502 810 2549 a
876 2489 1193 2570 tempore
1255 2482 1615 2569 praesenti
1678 2481 1789 2550 vel
1853 2483 2093 2551 futuro
2139 2482 2506 2551 indicativi
2554 2488 2624 2551 et
2673 2504 2847 2551 non-

513 2636 884 2705 nunquam
970 2635 1011 2683 a
1094 2614 1409 2703 perfecto
1493 2615 1862 2683 indicativi
1931 2622 2001 2685 et
2071 2618 2386 2706 optativo
2457 2617 2847 2706 potentiali.

513 2751 917 2820 Sententiae
979 2756 1257 2834 autem,
1323 2770 1506 2839 quae
1568 2770 1962 2839 suspensae
2028 2755 2197 2819 sunt
2257 2750 2344 2819 ab
2399 2752 2847 2841 imperfect0‚

509 2885 1207 2977 plusquamperfecto
1272 2889 1342 2952 et
1405 2884 1670 2953 aoristo
1728 2885 2131 2973 indicativi,
2200 2891 2271 2954 et
2333 2906 2850 2975 nonnunquam

514 3040 633 3088 eae
685 3039 867 3107 quae
914 3037 955 3085 a
1002 3017 1318 3107 perfecto
1363 3018 1731 3087 indicativi
1780 3026 1851 3087 et
1897 3019 2210 3108 optativo
2260 3018 2630 3108 potentiali
2678 3040 2847 3108 pen-

509 3154 717 3239 dent,
765 3158 1284 3220 construuntur
1331 3145 1461 3221 aut'
1505 3173 1668 3222 cum
1714 3153 2102 3222 indicativo
2142 3160 2267 3222 aut
2308 3174 2472 3222 cum
2512 3153 2845 3242 optativo,

598 3286 830 3376 Supra
899 3287 1609 3357 commemoravimus
1672 3290 1743 3351 ἄν
1807 3308 1970 3356 cum
2043 3288 2169 3356 fut.
2220 3294 2362 3377 opt.
2411 3288 2485 3355 in
2532 3288 2850 3355 oratione

506 3426 701 3488 recta
785 3438 931 3487 non
1016 3419 1357 3508 explicari
1442 3441 1670 3509 posse.
1751 3421 1939 3512 (Vid.
2014 3419 2181 3510 Gap.
2240 3422 2291 3489 Ι.
2362 3419 2444 3489 Α.
2498 3427 2539 3503 ξ
2592 3419 2708 3507 7),
2778 3426 2849 3489 et

508 3553 943 3622 contulimus
991 3573 1109 3640 ea,
1160 3574 1344 3641 quae
1390 3554 1847 3624 Hermannus
1895 3556 2027 3623 hac
2077 3555 2164 3622 de
2212 3575 2289 3622 re
2338 3554 2510 3623 dicit
2558 3553 2709 3623 Lib.
2751 3554 2848 3621 ΙΙΙ

509 3686 676 3776 Cap.
764 3685 825 3754 7.
929 3684 1134 3762 Quod
1218 3687 1384 3775 quia
1458 3687 1741 3756 differre
1834 3688 2247 3757 volebamus
2315 3689 2406 3757 ad
2476 3694 2693 3778 caput
2760 3687 2849 3756 de

508 3820 827 3888 oratione
898 3819 1185 3907 obliqua
1254 3841 1396 3889 non
1462 3822 1603 3890 nisi
1681 3822 1911 3892 obiter
1993 3823 2543 3891 memoravimus
2611 3821 2846 3890 locum

507 3951 596 4022 ab
647 3974 731 4021 eo
777 3952 1075 4021 allatum
1120 3953 1332 4044 Vesp.
1374 3975 1476 4023 vs.
1523 3954 1704 4023 1094
1750 3976 1979 4045 seqq.:

1144 4093 1206 4152 οὐ
1251 4097 1370 4179 γάρ
1416 4088 1485 4159 ἥν
1529 4095 1665 4178 ἡμῖν
1709 4092 1859 4166 ὅπως

1147 4224 1312 4312 ῥῆσιν
1356 4220 1418 4287 εὗ
1463 4221 1634 4299 λέξειν
1680 4223 1985 4313 ἐμέλλομεν
2030 4229 2139 4290 τότ’
2183 4220 2313 4290 οὐδὲ

1147 4363 1596 4446 συκοφαντήσειν
1640 4365 1766 4422 τινά

1146 4496 1364 4580 φροντίς
1385 4542 1402 4574 ‚
1449 4489 1579 4554 ἀλλ’
1625 4494 1776 4568 ὅστις
1819 4496 2014 4583 ἐρέτης
2055 4492 2083 4556 ἕ
2125 4530 2214 4542 -

1150 4629 1288 4689 σοιτ’
1332 4626 1581 4715 ἄριστος.
