3484 5609
1635 586 1724 654 43

608 784 786 851 Ran.
834 803 934 850 vs.
982 780 1191 850 1515:

1574 920 1650 979 σὺ
1696 910 1764 979 δὲ
1809 921 1901 979 τὸν
1945 916 2118 979 Θάκον

1089 1054 1181 1113 τὸν
1226 1053 1356 1135 ἐμὸν
1400 1042 1660 1137 παράδος
1713 1047 1985 1139 Σοφοκλεῖ
2030 1061 2215 1137 τηρεῖν

1092 1191 1265 1270 κάμοὶ
1310 1187 1509 1258 σώζειν
1529 1236 1546 1268 ,
1594 1183 1664 1253 ἢν
1708 1183 1804 1272 ἄρ’
1852 1187 1966 1272 ἐγώ
2012 1206 2145 1247 ποτε

1093 1312 1247 1408 δεῦρ’
1294 1323 1600 1406 ἀφίκωμαι.

611 1531 800 1599 Haec
869 1531 1224 1599 sententia
1293 1529 1570 1599 duobus
1638 1530 1868 1597 modis
1941 1530 2282 1619 explicari
2347 1536 2615 1618 potest,
2680 1530 2848 1618 quia

520 1664 882 1752 interponi
944 1670 1177 1753 potest
1223 1667 1564 1750 περιμένων,
1626 1664 1727 1731 ita
1781 1671 1857 1731 ut
1904 1665 1972 1733 ἥν
2018 1671 2151 1731 cet.
2199 1663 2321 1730 fiat
2368 1663 2692 1752 quaestio
2738 1664 2844 1732 in-

522 1799 830 1883 directa,
900 1797 1020 1865 sed
1091 1798 1305 1865 etiam
1375 1791 1727 1880 α’ποδώσων,
1791 1797 1979 1865 unde
2026 1797 2342 1885 pendens
2388 1799 2459 1867 ἦν
2503 1800 2602 1861 κτὲ
2648 1797 2846 1866 fieret

519 1931 868 1999 sententia
914 1931 1424 1999 conditionalis,

1131 2287 1195 2354 2.
1295 2284 1788 2353 Coniunctiones
1832 2287 2226 2374 temporales,

608 2543 1024 2611 Sententiae
1071 2541 1533 2631 temporaleS,
1580 2542 1935 2630 incipiunt
1980 2562 2022 2611 a
2061 2544 2681 2612 coniunctionibus
2721 2547 2842 2624 ὅτε,
2912 2590 2920 2596 -

517 2681 714 2756 ὁπότε,
741 2681 857 2741 ἐπεὶ
880 2682 950 2744 et
973 2682 1162 2746 ἡνίκα.
1211 2674 1567 2743 Particula
1591 2678 1663 2738 ἅν
1687 2674 1918 2743 tribus
1944 2676 2299 2765 prioribus
2325 2679 2839 2746 coniunctioni-

517 2810 653 2878 bus
678 2808 918 2877 addita
944 2808 1160 2877 efficit
1183 2810 1339 2890 ὅταν,
1365 2813 1576 2874 ὁπόταν
1600 2815 1671 2877 et
1685 2814 1844 2896 ἐπήν,
1866 2809 2054 2877 unde
2078 2810 2842 2899 incipiunt‘sententiae

515 2942 979 3032 temporaleS‚
1066 2962 1250 3032 quae
1329 2945 1540 3011 etiam
1615 2942 2136 3032 quodammodo
2205 2950 2374 3011 sunt
2431 2946 2841 3014 ⁴sententiae

515 3076 1047 3145 conditionales,
1119 3077 1493 3145 Praeterea
1555 3077 1909 3166 incipiunt
1970 3077 2365 3145 sententiae
2414 3078 2839 3166 temporales

513 3231 555 3278 a
620 3209 1121 3278 coniunctione
1184 3217 1347 3301 πρὶν,
1412 3230 1593 3299 quae
1655 3210 2097 3280 construitur
2159 3211 2611 3280 coniunctivo
2676 3233 2835 3279 cum

514 3346 588 3406 ἄν
632 3343 705 3410 in
744 3344 1112 3411 sententiis
1141 3342 1616 3432 pendentibus
1640 3363 1682 3410 a
1706 3344 1922 3411 verbo
1949 3364 2108 3412 cuni
2138 3344 2443 3432 negandi
2469 3346 2836 3433 particula.

600 3479 739 3541 ὅταν
786 3476 1049 3566 legitur
1096 3477 1223 3545 Av.
1273 3498 1372 3544 vs,
1421 3478 1583 3565 190,
1630 3476 1798 3558 967,
1847 3477 2059 3564 1116,
2105 3477 2319 3563 1611,
2365 3478 2544 3547 1622
2577 3488 2648 3548 et
2670 3479 2836 3567 134,

517 3608 639 3678 ubi
690 3609 945 3678 Suidas
993 3613 1080 3676 ὅτε
1131 3611 1298 3699 legit
1349 3610 1519 3696 (vid.
1571 3611 1779 3678 Dind.
1828 3611 1918 3679 ad
1965 3611 2157 3680 hunc
2207 3612 2498 3702 locum).

604 3743 760 3811 Non
810 3764 1088 3833 semper
1134 3745 1490 3813 sententia
1537 3745 1984 3832 temporalis,
2026 3765 2209 3834 quae
2257 3745 2346 3813 ab
2393 3748 2529 3811 ὅταν
2554 3748 2836 3835 incipit,

515 3884 624 3945 est
672 3879 883 3946 etiam
933 3877 1453 3946 conditionalis.
1502 3878 1578 3946 E.
1627 3899 1685 3946 c.
1736 3878 1865 3946 Av.
1913 3900 2012 3947 vs.
2060 3878 2272 3947 1439:

1721 4079 1823 4138 οὐκ
1869 4079 2123 4148 ἀκήκοας

1081 4209 1214 4272 ὅταν
1261 4206 1504 4297 λέγωσιν
1548 4215 1594 4272 οἱ
1636 4212 1875 4299 πατέρες
1918 4211 2185 4273 ἑκάστοτε
2201 4261 2219 4295 ,

511 4399 637 4470 ubi
704 4402 1097 4490 perfectum
1143 4383 1402 4477 ἀκήκοας
1447 4411 1640 4472 vetat
1685 4425 1777 4472 ne
1821 4406 1956 4470 ὅταν
2002 4403 2241 4495 λέγωσιν
2285 4407 2831 4476 conditionalem
2933 4496 2939 4502 q

512 4536 939 4604 sententiam
985 4556 1141 4605 esse
1188 4543 1540 4625 putemus.

596 4674 738 4740 ἐπήν
784 4668 916 4737 Av.
967 4691 1064 4738 vs.
1112 4669 1323 4755 13553
1369 4671 1447 4738 in
1490 4670 1901 4739 hexametro
1950 4669 2076 4739 Av.
2125 4691 2225 4738 vs,
2272 4670 2434 4741 983·
