3484 5609
1639 587 1729 655 29

611 778 798 848 Sunt
861 785 1098 849 tamen
1160 780 1334 866 loci,
1371 781 1520 866 ,ubi
1584 802 1724 850 non
1788 782 1926 850 nisi
1976 781 2393 851 difficillimo
2443 784 2652 852 modo
2698 802 2759 847 eae
2806 757 2848 852 a

522 932 749 1002 praeS.
820 912 964 981 ind.
1036 914 1451 1004 seiungatur
1522 916 1626 984 vel
1693 915 2032 985 deleatur.
2084 937 2140 985 e.
2194 937 2256 1006 g.
2305 917 2511 1006 Vesp.
2564 938 2661 986 vs.
2714 918 2849 987 280

523 1067 755 1137 seqq.:

1153 1216 1315 1296 τοέχα
1358 1205 1416 1273 δ’
1441 1227 1502 1273 ἂν
1549 1206 1647 1274 διαὶ
1692 1217 1784 1276 τὸν
1828 1210 2071 1298 χθίξινον
2118 1213 2318 1303 ἅνθρω-

1152 1366 1289 1426 πον,
1336 1347 1392 1417 ὀς
1437 1349 1590 1431 ἡμᾶς
1637 1339 1873 1410 διεδύετ’

1151 1473 1445 1552 ἐξαπατῶν
1463 1526 1479 1557 ,
1525 1475 1704 1567 λέγων
1749 1483 1824 1553 ὡς
1953 1449 1964 1460 ³

1152 1620 1248 1674 καὶ
1292 1609 1645 1697 φιλαθήναιος
1689 1611 1760 1682 ἦν
1803 1621 1900 1676 καὶ

1090 1777 1097 1784 ·
1151 1751 1255 1809 τοὶν
1303 1745 1484 1832 Σάμῳ
1529 1755 1747 1836 πρῶτος
1791 1752 2071 1827 κατείποι,

1152 1872 1249 1941 δια
1292 1879 1439 1944 τοῦτ’
1489 1873 1806 1960 ὀδυνηθείς,

1153 2011 1250 2077 εἶτ’
1296 2015 1436 2087 ἴσως
1481 2022 1656 2077 κεῖται
1706 2017 2012 2104 πυρέττων.

608 2237 1060 2305 Hermannus
1125 2237 1260 2306 hoc
1320 2255 1383 2301 ἄν
1444 2258 1587 2306 non
1653 2259 1817 2307 cum
1867 2239 2010 2307 ind.
2059 2217 2461 2327 coniungit,
2512 2224 2635 2307 sed
2682 2258 2846 2306 cum

520 2372 766 2459 partic.
815 2366 1134 2453 ὀδυνηθεὶς,
1184 2372 1374 2461 quod
1421 2374 1524 2440 sic
1570 2371 1913 2461 explicat:

905 2565 1066 2654 ’τάχ’
1114 2584 1174 2631 ἂν
1220 2563 1547 2649 ὀδυνηθείη,
1595 2570 1696 2631 καὶ
1739 2567 1867 2633 εἶτα
1909 2579 2085 2633 κεῖται
2129 2573 2438 2658 πυρέττων.

608 2781 753 2870 Ego
825 2788 1063 2849 autem
1111 2799 1174 2844 ἄν
1222 2782 1651 2870 coniungere
1700 2781 1909 2849 velim
1957 2801 2119 2850 cum
2168 2781 2381 2866 κεῖται,
2428 2782 2529 2851 ita
2576 2788 2656 2850 ut
2703 2782 2844 2870 sig-

518 2914 756 2983 nificet
830 2913 1236 2996 »fortasse''‚
1309 2915 1494 2984 sicut
1564 2915 1690 3004 Eq.
1762 2935 1864 2982 vs.
1934 2914 2144 3001 1252,
2208 2936 2441 3004 neque
2502 2914 2637 2983 hoc
2698 2915 2843 2983 ind.

520 3069 681 3117 cum
730 3067 792 3112 ow
840 3049 1146 3153 multum
1194 3048 1506 3118 differret
1553 3048 1642 3128 ab
1690 3056 1832 3139 opt.
1882 3056 2023 3139 pot.
2076 3049 2287 3139 Vesp.
2337 3070 2435 3119 νε.
2483 3048 2649 3117 279:

1277 3246 1375 3308 καὶ
1420 3246 1557 3332 τάχ’
1604 3262 1665 3310 ἂν
1709 3243 2069 3333 βουβωνιῴη.

605 3449 763 3517 Non
825 3449 1030 3517 reicit
1092 3448 1406 3518 Graecae
1469 3448 1755 3540 linguae
1801 3449 2075 3520 indoles
2124 3449 2845 3540 conglomerationem

518 3583 1020 3652 vocabulorum
1065 3583 1252 3651 idem
1294 3583 1886 3672 significantium,
1937 3584 2125 3654 sicut
2164 3585 2305 3671 τάχ’
2338 3635 2353 3651 .
2383 3635 2396 3650 .
2426 3635 2440 3651 .
2467 3602 2528 3648 ἂν
2554 3635 2569 3651 .
2597 3639 2613 3654 .
2643 3639 2657 3653 .
2682 3589 2843 3659 ἴσως.

519 3716 618 3785 Cf.
704 3716 1040 3806 frequens
1123 3717 1450 3805 repetitio
1529 3715 1919 3806 particulae
1989 3718 2388 3807 negationis
2459 3718 2532 3786 in
2602 3719 2845 3808 lingua

518 3850 806 3919 Graeca.

538 4029 545 4036 f
605 3984 837 4052 Etiam
883 3982 1011 4052 Av.
1063 4004 1158 4052 vs.
1214 3982 1386 4053 1069
1431 4004 1573 4053 non
1616 3984 1952 4075 simplex,
2000 4005 2243 4074 neque·
2270 3985 2429 4055 ideo
2455 3984 2843 4075 probabilis

516 4125 624 4187 est
672 4118 1077 4187 coniectura
1123 4118 1402 4187 Disseni
1424 4171 1441 4204 ,
1470 4117 1611 4207 ‘qui
1657 4113 1857 4183 δάκε6’
1906 4123 2199 4210 ὁπόσοιπερ
2245 4136 2307 4192 «έν
2352 4124 2502 4186 ἐστιν
2541 4120 2845 4188 mutavit
2899 4099 2902 4102 ¹

516 4252 592 4320 in
653 4247 876 4317 δάκετα
937 4252 1105 4317 πάνθ’
1173 4255 1391 4343 ὅσαπερ
1443 4253 1627 4334 ἔστιν,
1675 4251 1801 4321 ubi
1847 4273 1976 4343 ego
2024 4271 2085 4317 ἅν
2131 4254 2317 4322 tueri
2363 4251 2609 4341 velim,
2660 4253 2846 4323 sicut

518 4386 676 4455 Pac.
740 4407 854 4461 νε..
912 4385 1116 4474 1028,
1174 4386 1300 4456 ubi
1349 4387 1797 4457 Hermannus
1842 4386 2057 4486 verba
2102 4388 2262 4452 ὁπ’ὁσ’
2309 4405 2370 4453 ἂν
2414 4394 2600 4479 χρεὼν
2641 4391 2734 4454 τόν
2778 4413 2844 4478 γε

517 4531 662 4611 σοφῇ
722 4515 949 4608 δόκιμον
1012 4540 1417 4610 perperam,
1484 4542 1598 4590 me
1644 4520 1915 4609 iudice,
1962 4520 2266 4591 mutavit
2310 4522 2385 4590 in
2431 4524 2616 4587 ὁπόσα
2657 4526 2843 4614 χρεών

516 4657 637 4718 ἐστι
681 4664 825 4744 σοφῇ
869 4648 1115 4742 δόκιμον.
