3484 5609
1577 589 1666 659 23

544 791 996 859 Hermannus
1044 795 1282 859 autem
1331 788 1516 876 (Lib.
1564 788 1593 855 I
1644 787 1808 876 Cap.
1858 787 1976 875 14)
2023 794 2367 856 memorat
2395 786 2573 856 duos
2599 786 2791 855 locos

456 924 955 1013 Aristophanis
1024 922 1293 991 Eccles.
1367 942 1466 989 vs,
1516 920 1649 989 772
1717 930 1787 989 et
1858 922 2040 991 Nub.
2114 943 2211 990 vs.
2283 921 2496 1001 1338,
2546 921 2669 989 ubi
2718 924 2787 983 ἄν

453 1059 721 1126 ironice
786 1058 1131 1125 omissum
1181 1056 1292 1123 sit.
1389 1054 1774 1123 Videamus
1825 1055 1911 1122 de
1956 1061 2264 1144 utroque
2315 1055 2492 1122 loco.

546 1191 732 1259 Eccl.
794 1211 894 1258 vs.
962 1189 1094 1257 772
1148 1191 1228 1257 A.
1278 1189 1711 1278 persuadere
1760 1190 1911 1256 vult
1960 1189 2072 1276 B.,
2126 1196 2205 1258 ut
2254 1188 2604 1257 tributum
2656 1188 2795 1256 sol-

458 1334 573 1393 vat
621 1326 828 1393 novis
877 1323 1154 1413 legibus
1203 1325 1652 1413 imperatum.
1706 1322 1835 1391 Cui
1886 1324 1961 1390 B.
2011 1323 2393 1412 respondet
2437 1343 2513 1390 se
2542 1342 2795 1411 expec-

457 1466 777 1528 taturum
842 1477 996 1525 esse
1060 1457 1285 1525 donec
1354 1457 1794 1544 cognoverit,
1845 1456 2015 1544 quid
2066 1456 2400 1524 decernat
2452 1455 2796 1545 populuS,

459 1601 531 1661 et
599 1600 978 1681 postquam
1027 1591 1089 1659 A
1139 1591 1314 1657 dixit
1365 1590 1703 1679 populum
1751 1590 1895 1657 iam
1942 1591 2015 1657 in
2069 1610 2151 1657 eo
2199 1610 2414 1684 esse„
2440 1597 2519 1656 ut
2570 1588 2797 1656 solvat

460 1725 845 1808 tributum,
895 1724 970 1792 Β.
1020 1725 1154 1791 hoc
1201 1724 1404 1791 reicit
1451 1723 1563 1790 his
1611 1723 1885 1790 verbis:

1251 1962 1416 2028 »ἀλλ’
1462 1958 1597 2026 ἰδὼν
1645 1964 2005 2050 ἐπειθόμην”,

457 2220 647 2310 quod
718 2220 957 2287 addita
1029 2221 1379 2309 particula
1448 2225 1519 2284 ἄν
1590 2220 2057 2310 significaret:
2132 2220 2255 2288 sed
2315 2221 2375 2288 si
2424 2221 2797 2307 vidissem,

459 2353 822 2421 crederem
870 2355 1018 2422 sive
1068 2325 1652 2445 obtemperarem.
1703 2356 2105 2424 Brunckius
2152 2355 2382 2445 igitur‘
2414 2355 2633 2423 edidit
2672 2354 2785 2418 α’λλ

456 2483 588 2551 ἰδὼν
648 2492 719 2551 ἄν
767 2491 1035 2575 ἐπιθόμην
1080 2489 1192 2556 sed
1238 2490 1297 2555 si
1341 2489 1644 2557 vidissem
1663 2543 1679 2574 ,
1730 2491 2255 2577 obtemperassem
2285 2543 2300 2573 ,
2350 2489 2464 2556 cui
2511 2489 2794 2556 lectioni

458 2622 634 2689 nihil
686 2626 1073 2711 repugnat,
1123 2622 1310 2710 quod
1335 2642 1464 2712 ego
1492 2623 1786 2690 videam.
1816 2622 2266 2689 Hermannus
2292 2628 2531 2689 tamen
2556 2642 2796 2711 repre-

458 2755 703 2823 hendit
767 2756 951 2823 hanc
1015 2755 1595 2844 explicationem,
1636 2757 2116 2845 interpretans
2170 2757 2627 2844 ›>persuasisti,
2691 2755 2801 2821 ubi

472 2891 772 2970 videro'';
836 2890 1167 2975 Ἐπειθὸμην
1214 2884 1347 2953 ἰδὼν
1397 2896 1637 2957 autem
1685 2888 1864 2957 nihil
1905 2888 2099 2957 aliud
2148 2889 2501 2978 significat
2548 2908 2796 2977 quam:

458 3025 822 3107 credebam,
868 3026 1000 3091 sive
1045 3024 1546 3113 obtemperabant
1594 3045 1742 3090 eum
1791 3024 2117 3090 vidissem.
2169 3022 2286 3091 Sic
2312 3023 2522 3091 etiam
2546 3043 2798 3111 perpe-

458 3176 647 3241 ram,
698 3177 810 3224 me
858 3156 1129 3239 iudice,
1187 3158 1702 3245 interpretatur
1753 3156 2203 3224 Hermannus
2252 3155 2435 3224 Nub.
2482 3178 2581 3224 νε.
2623 3155 2800 3225 1338

457 3285 847 3377 ἐδιδαξάμην,
910 3292 1115 3379 quasi
1179 3290 1293 3358 hic
1340 3294 1410 3353 ἄν
1458 3292 1549 3358 sit
1597 3292 1865 3358 ironice
1913 3291 2279 3358 omissum.
2328 3289 2796 3380 Nequaquam

459 3426 574 3492 hic
622 3445 800 3513 opus
849 3431 954 3493 est
1004 3424 1354 3514 particula
1403 3428 1494 3489 ἄν.
1568 3424 2017 3515 Strepsiades
2066 3427 2251 3493 enim
2292 3424 2449 3493 'filio
2497 3424 2799 3513 probare

442 3559 747 3627 conanti
829 3559 1100 3626 iustum
1193 3578 1348 3626 esse
1396 3553 1704 3647 'patrem
1791 3579 1836 3626 a
1921 3557 2065 3626 filio
2154 3558 2515 3626 verberari
2588 3559 2795 3627 dicit:

458 3692 633 3760 Bene
678 3694 723 3758 i.
771 3714 821 3761 e.
869 3714 1000 3760 uon
1046 3696 1296 3780 frustra
1315 3743 1330 3773 ,
1378 3692 1691 3760 mehercle
1708 3747 1724 3778 ,
1778 3701 1835 3760 te
1881 3694 2237 3761 docendum
2282 3695 2508 3760 curavi
2551 3694 2798 3782 obloqui

458 3828 684 3913 iustis,
732 3829 790 3893 si
832 3826 947 3893 hoe
991 3826 1158 3893 mihi
1191 3847 1638 3914 persuasurus
1684 3847 1770 3893 es.
1847 3825 1945 3894 Cf.
1994 3826 2190 3896 Kock
2234 3827 2276 3894 l.
2326 3828 2369 3895 l.
2452 3892 2457 3896 .

550 3958 625 4026 Si
687 3961 760 4021 ἄν
801 3960 1070 4027 ironice
1119 3961 1606 4045 omitteretur,
1657 3959 1783 4027 Av.
1833 3980 1931 4027 vs.
1976 3959 2155 4028 1692
2194 3962 2538 4029 omissum
2587 3971 2796 4028 esset.

460 4093 561 4161 De
624 4094 890 4161 Eccles.
962 4115 1059 4160 VS.
1123 4092 1250 4161 141
1317 4093 1469 4177 vid„
1505 4091 1670 4181 Cap.
1722 4092 1753 4159 Ι
1802 4098 1842 4175 ξ
1891 4092 1953 4160 1.
2004 4094 2396 4162 Praeterito
2441 4094 2585 4161 ind.
2635 4115 2796 4162 cum

457 4230 529 4290 ἄν
611 4228 683 4294 in
771 4247 847 4294 re
916 4247 1058 4295 non
1130 4227 1316 4295 facta
1388 4227 1808 4316 plerumque
1879 4229 2230 4295 sententia
2303 4228 2798 4296 conditionalis

407 4441 413 4448 ⁶
460 4360 797 4428 adiuncta
876 4368 1004 4428 est.
1079 4360 1179 4427 De
1251 4361 1474 4428 forma
1544 4360 1761 4429 huius
1830 4362 2231 4429 sententiae
2301 4361 2797 4429 conditionalis

461 4493 598 4578 vid.
651 4491 816 4582 cap.
865 4477 1015 4576 Is}
1062 4493 1125 4560 2.
